EUR/USD,20180701 21:04:59.215,1.16782,1.16923
EUR/USD,20180701 21:10:01.981,1.167,1.16749
EUR/USD,20180701 21:15:04.603,1.16788,1.16813
EUR/USD,20180701 21:20:05.731,1.16656,1.16703
EUR/USD,20180701 21:25:06.158,1.16648,1.16705
EUR/USD,20180701 21:30:06.410,1.16645,1.16672
EUR/USD,20180701 21:35:06.876,1.16645,1.1667399999999999
EUR/USD,20180701 21:40:13.373,1.1665299999999998,1.167
EUR/USD,20180701 21:45:14.451,1.1670200000000002,1.16751
EUR/USD,20180701 21:50:15.041,1.16642,1.16688
EUR/USD,20180701 21:55:30.128,1.1666100000000001,1.16703
EUR/USD,20180701 22:00:32.058,1.16683,1.16706
EUR/USD,20180701 22:05:32.064,1.16676,1.16697
EUR/USD,20180701 22:10:46.189,1.16665,1.16685
EUR/USD,20180701 22:15:49.272,1.16675,1.16698
EUR/USD,20180701 22:20:54.976,1.1666,1.1668
EUR/USD,20180701 22:25:57.835,1.16721,1.16736
EUR/USD,20180701 22:30:59.044,1.16706,1.16717
EUR/USD,20180701 22:35:59.951,1.16723,1.16735
EUR/USD,20180701 22:41:00.599,1.1672,1.1673
EUR/USD,20180701 22:46:01.329,1.1672200000000001,1.1673200000000001
EUR/USD,20180701 22:51:03.071,1.1674200000000001,1.1674799999999999
EUR/USD,20180701 22:56:03.601,1.16725,1.16731
EUR/USD,20180701 23:01:04.065,1.16751,1.16757
EUR/USD,20180701 23:06:06.117,1.1677799999999998,1.16783
EUR/USD,20180701 23:11:07.160,1.16793,1.1679700000000002
EUR/USD,20180701 23:16:13.406,1.16818,1.16822
EUR/USD,20180701 23:21:19.139,1.1677899999999999,1.16784
EUR/USD,20180701 23:26:22.618,1.1673799999999999,1.16743
EUR/USD,20180701 23:31:23.359,1.1672799999999999,1.16733
EUR/USD,20180701 23:36:30.028,1.16747,1.16751
EUR/USD,20180701 23:41:32.364,1.16753,1.1675799999999998
EUR/USD,20180701 23:46:34.030,1.16744,1.16747
EUR/USD,20180701 23:51:38.776,1.16737,1.16741
EUR/USD,20180701 23:56:41.555,1.1678899999999999,1.16794
EUR/USD,20180702 00:01:44.079,1.16774,1.1677899999999999
EUR/USD,20180702 00:06:45.089,1.16757,1.16761
EUR/USD,20180702 00:11:45.961,1.16708,1.1671
EUR/USD,20180702 00:16:49.610,1.16689,1.1669200000000002
EUR/USD,20180702 00:21:49.786,1.16677,1.16682
EUR/USD,20180702 00:26:50.453,1.16679,1.16682
EUR/USD,20180702 00:31:52.427,1.16672,1.1667399999999999
EUR/USD,20180702 00:36:56.795,1.1666100000000001,1.16664
EUR/USD,20180702 00:41:58.420,1.16657,1.1666100000000001
EUR/USD,20180702 00:47:00.410,1.1665299999999998,1.16656
EUR/USD,20180702 00:52:00.508,1.16645,1.16649
EUR/USD,20180702 00:57:07.451,1.16672,1.16676
EUR/USD,20180702 01:02:08.128,1.16675,1.16678
EUR/USD,20180702 01:07:10.394,1.1666100000000001,1.16664
EUR/USD,20180702 01:12:10.398,1.16652,1.16656
EUR/USD,20180702 01:17:10.539,1.1661,1.16614
EUR/USD,20180702 01:22:10.576,1.1659700000000002,1.16602
EUR/USD,20180702 01:27:11.130,1.1659700000000002,1.16601
EUR/USD,20180702 01:32:11.272,1.16587,1.1659
EUR/USD,20180702 01:37:11.317,1.1656799999999998,1.1657
EUR/USD,20180702 01:42:11.720,1.1656600000000001,1.1656799999999998
EUR/USD,20180702 01:47:12.220,1.16549,1.16553
EUR/USD,20180702 01:52:12.914,1.16583,1.16588
EUR/USD,20180702 01:57:25.742,1.1658,1.16587
EUR/USD,20180702 02:02:26.029,1.16594,1.166
EUR/USD,20180702 02:07:26.333,1.16577,1.16582
EUR/USD,20180702 02:12:28.405,1.1661299999999999,1.16615
EUR/USD,20180702 02:17:28.616,1.1662,1.1662299999999999
EUR/USD,20180702 02:22:37.661,1.16628,1.1663
EUR/USD,20180702 02:27:37.680,1.16603,1.16609
EUR/USD,20180702 02:32:41.421,1.16602,1.16605
EUR/USD,20180702 02:37:43.316,1.16604,1.16608
EUR/USD,20180702 02:42:43.329,1.16618,1.16621
EUR/USD,20180702 02:47:46.816,1.16619,1.16622
EUR/USD,20180702 02:52:51.638,1.1657799999999998,1.1658
EUR/USD,20180702 02:57:52.847,1.16563,1.16565
EUR/USD,20180702 03:02:59.672,1.16561,1.16567
EUR/USD,20180702 03:07:59.807,1.16554,1.16557
EUR/USD,20180702 03:13:08.229,1.16573,1.1657600000000001
EUR/USD,20180702 03:18:08.637,1.16582,1.1658899999999999
EUR/USD,20180702 03:23:10.331,1.16583,1.1658600000000001
EUR/USD,20180702 03:28:10.404,1.16594,1.1659700000000002
EUR/USD,20180702 03:33:10.676,1.16603,1.1660700000000002
EUR/USD,20180702 03:38:13.951,1.16608,1.16611
EUR/USD,20180702 03:43:22.036,1.1657600000000001,1.16582
EUR/USD,20180702 03:48:26.181,1.16551,1.16556
EUR/USD,20180702 03:53:26.318,1.1654200000000001,1.16545
EUR/USD,20180702 03:58:29.159,1.16521,1.16526
EUR/USD,20180702 04:03:35.353,1.1651799999999999,1.1652200000000001
EUR/USD,20180702 04:08:37.802,1.16519,1.16525
EUR/USD,20180702 04:13:38.822,1.1653799999999999,1.16543
EUR/USD,20180702 04:18:46.015,1.16555,1.16559
EUR/USD,20180702 04:23:47.585,1.16544,1.16549
EUR/USD,20180702 04:28:47.894,1.16544,1.1654799999999998
EUR/USD,20180702 04:33:48.185,1.1653200000000001,1.16537
EUR/USD,20180702 04:38:50.193,1.16508,1.1651200000000002
EUR/USD,20180702 04:43:51.686,1.16516,1.16519
EUR/USD,20180702 04:48:52.164,1.16506,1.1651
EUR/USD,20180702 04:53:55.094,1.16506,1.16511
EUR/USD,20180702 04:58:59.832,1.16493,1.16499
EUR/USD,20180702 05:04:01.023,1.16464,1.16467
EUR/USD,20180702 05:09:01.114,1.16449,1.16452
EUR/USD,20180702 05:14:04.651,1.16448,1.1645299999999998
EUR/USD,20180702 05:19:06.322,1.16478,1.16482
EUR/USD,20180702 05:24:06.610,1.16468,1.1647100000000001
EUR/USD,20180702 05:29:07.196,1.16456,1.16459
EUR/USD,20180702 05:34:21.202,1.16469,1.1647100000000001
EUR/USD,20180702 05:39:22.591,1.1645299999999998,1.16457
EUR/USD,20180702 05:44:28.849,1.1642700000000001,1.16431
EUR/USD,20180702 05:49:32.595,1.16418,1.16421
EUR/USD,20180702 05:54:34.705,1.16392,1.16395
EUR/USD,20180702 05:59:37.042,1.16432,1.1643700000000001
EUR/USD,20180702 06:04:37.257,1.1647100000000001,1.16476
EUR/USD,20180702 06:09:42.013,1.1649100000000001,1.16497
EUR/USD,20180702 06:14:44.294,1.16445,1.16449
EUR/USD,20180702 06:19:44.345,1.16428,1.1643
EUR/USD,20180702 06:24:45.863,1.1646,1.16465
EUR/USD,20180702 06:29:46.876,1.16451,1.16455
EUR/USD,20180702 06:34:49.714,1.16448,1.16451
EUR/USD,20180702 06:39:50.480,1.16464,1.16468
EUR/USD,20180702 06:44:50.534,1.16493,1.16496
EUR/USD,20180702 06:49:50.598,1.16514,1.16516
EUR/USD,20180702 06:54:50.913,1.16529,1.16533
EUR/USD,20180702 06:59:54.150,1.16521,1.16521
EUR/USD,20180702 07:04:54.226,1.1643,1.1643299999999999
EUR/USD,20180702 07:09:54.620,1.16367,1.1637
EUR/USD,20180702 07:14:54.645,1.16392,1.16396
EUR/USD,20180702 07:19:58.937,1.16335,1.1633799999999999
EUR/USD,20180702 07:24:58.949,1.16314,1.16316
EUR/USD,20180702 07:29:59.186,1.16334,1.16337
EUR/USD,20180702 07:35:00.095,1.16364,1.1636799999999998
EUR/USD,20180702 07:40:00.310,1.16278,1.1628100000000001
EUR/USD,20180702 07:45:00.990,1.163,1.16304
EUR/USD,20180702 07:50:01.273,1.16306,1.1631
EUR/USD,20180702 07:55:01.738,1.16279,1.16283
EUR/USD,20180702 08:00:01.844,1.16307,1.1631
EUR/USD,20180702 08:05:01.869,1.16326,1.1633
EUR/USD,20180702 08:10:01.916,1.1631200000000002,1.16315
EUR/USD,20180702 08:15:01.970,1.16363,1.16367
EUR/USD,20180702 08:20:02.115,1.16414,1.16418
EUR/USD,20180702 08:25:02.469,1.16411,1.1641299999999999
EUR/USD,20180702 08:30:04.627,1.16381,1.16384
EUR/USD,20180702 08:35:05.314,1.16372,1.16374
EUR/USD,20180702 08:40:06.530,1.16409,1.1641299999999999
EUR/USD,20180702 08:45:07.544,1.16448,1.16451
EUR/USD,20180702 08:50:10.285,1.16464,1.16467
EUR/USD,20180702 08:55:10.356,1.16434,1.16436
EUR/USD,20180702 09:00:10.390,1.1643700000000001,1.1644299999999999
EUR/USD,20180702 09:05:10.650,1.16411,1.16414
EUR/USD,20180702 09:10:13.348,1.16402,1.16406
EUR/USD,20180702 09:15:13.629,1.1638600000000001,1.1638899999999999
EUR/USD,20180702 09:20:13.798,1.1644299999999999,1.16445
EUR/USD,20180702 09:25:14.678,1.16435,1.16438
EUR/USD,20180702 09:30:16.022,1.16456,1.16459
EUR/USD,20180702 09:35:16.339,1.16442,1.16446
EUR/USD,20180702 09:40:26.695,1.1641700000000001,1.16424
EUR/USD,20180702 09:45:30.677,1.16415,1.16418
EUR/USD,20180702 09:50:33.656,1.16378,1.16382
EUR/USD,20180702 09:55:36.293,1.16402,1.16405
EUR/USD,20180702 10:00:37.372,1.16402,1.16405
EUR/USD,20180702 10:05:39.561,1.16378,1.16381
EUR/USD,20180702 10:10:47.158,1.16374,1.1638
EUR/USD,20180702 10:15:49.771,1.16395,1.16398
EUR/USD,20180702 10:20:50.084,1.1642299999999999,1.16425
EUR/USD,20180702 10:25:51.590,1.16424,1.16428
EUR/USD,20180702 10:30:54.057,1.16428,1.1643
EUR/USD,20180702 10:35:57.443,1.16405,1.16409
EUR/USD,20180702 10:41:04.517,1.16431,1.16434
EUR/USD,20180702 10:46:06.939,1.1642,1.1642299999999999
EUR/USD,20180702 10:51:07.265,1.1644700000000001,1.1645
EUR/USD,20180702 10:56:07.685,1.16414,1.1641700000000001
EUR/USD,20180702 11:01:08.076,1.16416,1.1642
EUR/USD,20180702 11:06:08.672,1.16445,1.16449
EUR/USD,20180702 11:11:09.867,1.16391,1.16393
EUR/USD,20180702 11:16:09.896,1.1636600000000001,1.16369
EUR/USD,20180702 11:21:16.861,1.16365,1.1636799999999998
EUR/USD,20180702 11:26:20.041,1.16347,1.1635
EUR/USD,20180702 11:31:23.176,1.16333,1.16336
EUR/USD,20180702 11:36:23.620,1.16326,1.1633
EUR/USD,20180702 11:41:23.799,1.16345,1.16349
EUR/USD,20180702 11:46:24.097,1.16367,1.1637
EUR/USD,20180702 11:51:25.134,1.16341,1.16343
EUR/USD,20180702 11:56:30.128,1.16295,1.16298
EUR/USD,20180702 12:01:30.270,1.16286,1.16289
EUR/USD,20180702 12:06:36.427,1.1628,1.1628399999999999
EUR/USD,20180702 12:11:37.407,1.16374,1.1637600000000001
EUR/USD,20180702 12:16:37.426,1.16359,1.16363
EUR/USD,20180702 12:21:43.016,1.1636799999999998,1.16372
EUR/USD,20180702 12:26:43.797,1.16353,1.16357
EUR/USD,20180702 12:31:44.621,1.1635799999999998,1.16361
EUR/USD,20180702 12:36:45.329,1.16295,1.16298
EUR/USD,20180702 12:41:45.875,1.16314,1.16317
EUR/USD,20180702 12:46:47.706,1.16339,1.16343
EUR/USD,20180702 12:51:52.419,1.16287,1.1629
EUR/USD,20180702 12:56:54.746,1.1623,1.1623299999999999
EUR/USD,20180702 13:01:54.828,1.16147,1.16151
EUR/USD,20180702 13:06:55.232,1.1615,1.16154
EUR/USD,20180702 13:11:55.504,1.16065,1.16068
EUR/USD,20180702 13:16:55.554,1.16024,1.16028
EUR/USD,20180702 13:21:57.304,1.16029,1.16031
EUR/USD,20180702 13:27:00.098,1.16049,1.16051
EUR/USD,20180702 13:32:00.552,1.16014,1.16016
EUR/USD,20180702 13:37:01.675,1.16026,1.16029
EUR/USD,20180702 13:42:06.031,1.1601700000000001,1.1602
EUR/USD,20180702 13:47:06.238,1.16,1.16003
EUR/USD,20180702 13:52:06.485,1.16059,1.1606299999999998
EUR/USD,20180702 13:57:09.408,1.16095,1.16099
EUR/USD,20180702 14:02:09.433,1.1607399999999999,1.16077
EUR/USD,20180702 14:07:09.558,1.16021,1.1602299999999999
EUR/USD,20180702 14:12:09.929,1.16046,1.16049
EUR/USD,20180702 14:17:10.544,1.16065,1.16068
EUR/USD,20180702 14:22:12.424,1.1603700000000001,1.1604
EUR/USD,20180702 14:27:12.509,1.16028,1.16032
EUR/USD,20180702 14:32:13.051,1.16065,1.16069
EUR/USD,20180702 14:37:13.543,1.16104,1.16106
EUR/USD,20180702 14:42:14.882,1.16116,1.1612
EUR/USD,20180702 14:47:15.690,1.16083,1.16085
EUR/USD,20180702 14:52:16.430,1.1614,1.1614200000000001
EUR/USD,20180702 14:57:17.258,1.16154,1.16156
EUR/USD,20180702 15:02:17.356,1.16062,1.16065
EUR/USD,20180702 15:07:18.586,1.16057,1.1606
EUR/USD,20180702 15:12:20.160,1.16025,1.1603
EUR/USD,20180702 15:17:20.302,1.1593,1.15934
EUR/USD,20180702 15:22:21.539,1.15959,1.15962
EUR/USD,20180702 15:27:22.169,1.1596600000000001,1.1597
EUR/USD,20180702 15:32:22.291,1.16012,1.16016
EUR/USD,20180702 15:37:22.729,1.16089,1.1609200000000002
EUR/USD,20180702 15:42:23.411,1.1604299999999999,1.16046
EUR/USD,20180702 15:47:29.908,1.16076,1.16083
EUR/USD,20180702 15:52:31.714,1.1607100000000001,1.1607399999999999
EUR/USD,20180702 15:57:35.936,1.1605,1.1605299999999998
EUR/USD,20180702 16:02:36.533,1.16097,1.161
EUR/USD,20180702 16:07:36.582,1.1607299999999998,1.16076
EUR/USD,20180702 16:12:37.218,1.1607399999999999,1.1607399999999999
EUR/USD,20180702 16:17:42.037,1.16046,1.1605
EUR/USD,20180702 16:22:48.376,1.1608,1.16083
EUR/USD,20180702 16:27:48.442,1.16086,1.16089
EUR/USD,20180702 16:33:01.223,1.16069,1.1607299999999998
EUR/USD,20180702 16:38:03.099,1.16052,1.1605299999999998
EUR/USD,20180702 16:43:04.947,1.16065,1.16069
EUR/USD,20180702 16:48:08.080,1.16087,1.16089
EUR/USD,20180702 16:53:08.117,1.16069,1.1607100000000001
EUR/USD,20180702 16:58:08.274,1.16031,1.16034
EUR/USD,20180702 17:03:10.207,1.16051,1.16054
EUR/USD,20180702 17:08:17.779,1.16039,1.16045
EUR/USD,20180702 17:13:23.950,1.16025,1.1602700000000001
EUR/USD,20180702 17:18:28.907,1.16029,1.16032
EUR/USD,20180702 17:23:28.986,1.1606,1.1606299999999998
EUR/USD,20180702 17:28:31.121,1.16032,1.16036
EUR/USD,20180702 17:33:36.214,1.16046,1.1605299999999998
EUR/USD,20180702 17:38:37.228,1.16035,1.16036
EUR/USD,20180702 17:43:45.752,1.16052,1.16057
EUR/USD,20180702 17:48:48.579,1.16056,1.1606100000000001
EUR/USD,20180702 17:53:49.542,1.16057,1.1606100000000001
EUR/USD,20180702 17:58:51.815,1.16058,1.16062
EUR/USD,20180702 18:04:02.619,1.16067,1.1607
EUR/USD,20180702 18:09:07.810,1.16058,1.1606299999999998
EUR/USD,20180702 18:14:10.178,1.16064,1.16068
EUR/USD,20180702 18:19:21.932,1.16082,1.1609
EUR/USD,20180702 18:24:22.584,1.16052,1.16057
EUR/USD,20180702 18:29:24.291,1.1605,1.16054
EUR/USD,20180702 18:34:24.426,1.1605299999999998,1.16058
EUR/USD,20180702 18:39:30.082,1.16054,1.16057
EUR/USD,20180702 18:44:32.603,1.1606299999999998,1.16066
EUR/USD,20180702 18:49:34.761,1.16065,1.16068
EUR/USD,20180702 18:54:46.032,1.16076,1.16078
EUR/USD,20180702 18:59:46.033,1.16098,1.16099
EUR/USD,20180702 19:04:46.920,1.1616600000000001,1.1617
EUR/USD,20180702 19:09:47.534,1.16147,1.16149
EUR/USD,20180702 19:14:58.311,1.1614799999999998,1.16152
EUR/USD,20180702 19:19:58.882,1.16209,1.1621299999999999
EUR/USD,20180702 19:24:59.144,1.16174,1.16177
EUR/USD,20180702 19:30:00.411,1.16219,1.1622299999999999
EUR/USD,20180702 19:35:02.012,1.16198,1.16202
EUR/USD,20180702 19:40:07.042,1.16214,1.16221
EUR/USD,20180702 19:45:07.895,1.162,1.16204
EUR/USD,20180702 19:50:15.688,1.16203,1.1620700000000002
EUR/USD,20180702 19:55:15.890,1.16193,1.16196
EUR/USD,20180702 20:00:15.925,1.1616600000000001,1.1617
EUR/USD,20180702 20:05:18.843,1.1618700000000002,1.16191
EUR/USD,20180702 20:10:18.848,1.16298,1.16304
EUR/USD,20180702 20:15:20.773,1.1642299999999999,1.16426
EUR/USD,20180702 20:20:21.433,1.1641,1.16416
EUR/USD,20180702 20:25:26.835,1.1637,1.16374
EUR/USD,20180702 20:30:27.078,1.16396,1.1640000000000001
EUR/USD,20180702 20:35:33.425,1.16419,1.16425
EUR/USD,20180702 20:40:39.685,1.16435,1.16439
EUR/USD,20180702 20:45:45.673,1.1638600000000001,1.1639
EUR/USD,20180702 20:50:51.693,1.1637,1.16378
EUR/USD,20180702 20:55:53.491,1.1638899999999999,1.16394
EUR/USD,20180702 21:01:07.035,1.1639,1.1639700000000002
EUR/USD,20180702 21:06:14.595,1.1636600000000001,1.1640700000000002
EUR/USD,20180702 21:11:17.615,1.1637899999999999,1.16408
EUR/USD,20180702 21:16:19.462,1.16365,1.1639700000000002
EUR/USD,20180702 21:21:19.494,1.16359,1.1639700000000002
EUR/USD,20180702 21:26:19.606,1.16363,1.16418
EUR/USD,20180702 21:31:19.650,1.1636799999999998,1.16395
EUR/USD,20180702 21:36:19.847,1.1635799999999998,1.16381
EUR/USD,20180702 21:41:20.003,1.16355,1.16371
EUR/USD,20180702 21:46:41.812,1.16352,1.16374
EUR/USD,20180702 21:51:44.000,1.16355,1.16365
EUR/USD,20180702 21:56:44.503,1.16354,1.16369
EUR/USD,20180702 22:01:55.699,1.16359,1.16365
EUR/USD,20180702 22:06:57.721,1.1638,1.16385
EUR/USD,20180702 22:12:01.964,1.16363,1.16369
EUR/USD,20180702 22:17:03.864,1.1635799999999998,1.16362
EUR/USD,20180702 22:22:04.708,1.16362,1.1636600000000001
EUR/USD,20180702 22:27:06.293,1.16352,1.16355
EUR/USD,20180702 22:32:14.270,1.16363,1.16367
EUR/USD,20180702 22:37:35.497,1.16357,1.16362
EUR/USD,20180702 22:42:35.834,1.1636799999999998,1.16375
EUR/USD,20180702 22:48:23.046,1.16371,1.1638
EUR/USD,20180702 22:53:23.157,1.16392,1.1639700000000002
EUR/USD,20180702 22:58:33.434,1.16388,1.16392
EUR/USD,20180702 23:03:35.116,1.1638899999999999,1.16394
EUR/USD,20180702 23:08:41.001,1.16409,1.1641299999999999
EUR/USD,20180702 23:13:42.463,1.16406,1.1641
EUR/USD,20180702 23:18:43.301,1.16414,1.16422
EUR/USD,20180702 23:23:55.043,1.16416,1.1642299999999999
EUR/USD,20180702 23:28:55.390,1.1641299999999999,1.1641700000000001
EUR/USD,20180702 23:34:00.875,1.16412,1.16415
EUR/USD,20180702 23:39:08.063,1.1641,1.16414
EUR/USD,20180702 23:44:08.646,1.16416,1.16421
EUR/USD,20180702 23:49:12.084,1.16414,1.16419
EUR/USD,20180702 23:54:15.188,1.16416,1.16422
EUR/USD,20180702 23:59:21.012,1.16415,1.16419
EUR/USD,20180703 00:04:21.182,1.1636600000000001,1.1637
EUR/USD,20180703 00:09:21.407,1.16354,1.16357
EUR/USD,20180703 00:14:24.837,1.1641,1.16412
EUR/USD,20180703 00:19:34.509,1.16422,1.16424
EUR/USD,20180703 00:24:35.743,1.1638,1.16385
EUR/USD,20180703 00:29:36.990,1.16406,1.16409
EUR/USD,20180703 00:34:38.594,1.16401,1.16404
EUR/USD,20180703 00:39:44.737,1.16391,1.16394
EUR/USD,20180703 00:44:48.791,1.1638,1.16383
EUR/USD,20180703 00:49:52.597,1.16369,1.16373
EUR/USD,20180703 00:54:54.948,1.1638600000000001,1.1638899999999999
EUR/USD,20180703 00:59:57.630,1.16345,1.1634799999999998
EUR/USD,20180703 01:04:57.711,1.16335,1.16339
EUR/USD,20180703 01:09:57.937,1.16317,1.1632
EUR/USD,20180703 01:14:58.061,1.1631200000000002,1.16316
EUR/USD,20180703 01:19:58.075,1.1626100000000001,1.16264
EUR/USD,20180703 01:25:01.328,1.16295,1.16296
EUR/USD,20180703 01:30:01.392,1.16265,1.16267
EUR/USD,20180703 01:35:01.524,1.16258,1.1626100000000001
EUR/USD,20180703 01:40:01.546,1.1625,1.1625299999999998
EUR/USD,20180703 01:45:01.620,1.16215,1.16219
EUR/USD,20180703 01:50:02.041,1.1626299999999998,1.16267
EUR/USD,20180703 01:55:04.497,1.16278,1.16283
EUR/USD,20180703 02:00:04.662,1.16309,1.16313
EUR/USD,20180703 02:05:04.946,1.1628,1.16283
EUR/USD,20180703 02:10:06.039,1.16275,1.16278
EUR/USD,20180703 02:15:09.850,1.16303,1.16307
EUR/USD,20180703 02:20:09.896,1.16337,1.1634
EUR/USD,20180703 02:25:09.967,1.16355,1.1635799999999998
EUR/USD,20180703 02:30:11.139,1.16363,1.16365
EUR/USD,20180703 02:35:12.852,1.16356,1.1636
EUR/USD,20180703 02:40:21.268,1.1634200000000001,1.16347
EUR/USD,20180703 02:45:22.342,1.1631799999999999,1.16321
EUR/USD,20180703 02:50:27.076,1.16327,1.16331
EUR/USD,20180703 02:55:35.441,1.1633,1.1633200000000001
EUR/USD,20180703 03:00:37.398,1.1631,1.16313
EUR/USD,20180703 03:05:39.324,1.1632200000000001,1.16326
EUR/USD,20180703 03:10:46.663,1.16335,1.16339
EUR/USD,20180703 03:15:48.574,1.163,1.16303
EUR/USD,20180703 03:20:51.061,1.16307,1.1631
EUR/USD,20180703 03:25:57.585,1.16298,1.16305
EUR/USD,20180703 03:30:58.977,1.16299,1.16303
EUR/USD,20180703 03:36:02.599,1.163,1.16303
EUR/USD,20180703 03:41:05.320,1.16325,1.16329
EUR/USD,20180703 03:46:09.442,1.1631799999999999,1.16323
EUR/USD,20180703 03:51:12.810,1.16311,1.16315
EUR/USD,20180703 03:56:15.170,1.16315,1.1631799999999999
EUR/USD,20180703 04:01:15.173,1.16323,1.16326
EUR/USD,20180703 04:06:22.676,1.16326,1.16329
EUR/USD,20180703 04:11:23.965,1.16378,1.16381
EUR/USD,20180703 04:16:24.154,1.16352,1.16355
EUR/USD,20180703 04:21:24.290,1.16344,1.1635
EUR/USD,20180703 04:26:38.577,1.1634,1.16345
EUR/USD,20180703 04:31:39.319,1.16344,1.1634799999999998
EUR/USD,20180703 04:36:43.442,1.1633,1.16335
EUR/USD,20180703 04:41:43.477,1.1631200000000002,1.16315
EUR/USD,20180703 04:46:44.817,1.16326,1.1633
EUR/USD,20180703 04:51:46.882,1.163,1.16304
EUR/USD,20180703 04:56:47.696,1.16305,1.16313
EUR/USD,20180703 05:01:48.113,1.1634799999999998,1.1635
EUR/USD,20180703 05:06:48.116,1.1631799999999999,1.16326
EUR/USD,20180703 05:11:59.689,1.1631200000000002,1.1632
EUR/USD,20180703 05:17:05.890,1.16319,1.16323
EUR/USD,20180703 05:22:07.197,1.1628100000000001,1.1628399999999999
EUR/USD,20180703 05:27:09.887,1.16269,1.16276
EUR/USD,20180703 05:32:10.671,1.16321,1.16326
EUR/USD,20180703 05:37:10.680,1.1639899999999999,1.16403
EUR/USD,20180703 05:42:12.958,1.1637,1.16375
EUR/USD,20180703 05:47:13.215,1.1638,1.16384
EUR/USD,20180703 05:52:14.988,1.16381,1.16385
EUR/USD,20180703 05:57:18.274,1.1639,1.16393
EUR/USD,20180703 06:02:19.289,1.16457,1.1646100000000001
EUR/USD,20180703 06:07:19.590,1.1644299999999999,1.1644700000000001
EUR/USD,20180703 06:12:20.007,1.16482,1.16486
EUR/USD,20180703 06:17:20.265,1.16503,1.16506
EUR/USD,20180703 06:22:20.558,1.16475,1.16476
EUR/USD,20180703 06:27:20.598,1.16487,1.1649100000000001
EUR/USD,20180703 06:32:24.243,1.1648399999999999,1.16485
EUR/USD,20180703 06:37:24.575,1.16469,1.1647299999999998
EUR/USD,20180703 06:42:24.579,1.1642700000000001,1.16429
EUR/USD,20180703 06:47:25.023,1.16392,1.16395
EUR/USD,20180703 06:52:25.958,1.1642700000000001,1.16429
EUR/USD,20180703 06:57:26.059,1.16483,1.16486
EUR/USD,20180703 07:02:27.024,1.1649200000000002,1.1649399999999999
EUR/USD,20180703 07:07:27.375,1.1652799999999999,1.1653200000000001
EUR/USD,20180703 07:12:27.388,1.1651799999999999,1.1652200000000001
EUR/USD,20180703 07:17:28.958,1.16573,1.16577
EUR/USD,20180703 07:22:29.461,1.16509,1.16513
EUR/USD,20180703 07:27:30.317,1.16464,1.16467
EUR/USD,20180703 07:32:30.904,1.16452,1.16455
EUR/USD,20180703 07:37:31.569,1.16559,1.16563
EUR/USD,20180703 07:42:33.228,1.16614,1.16616
EUR/USD,20180703 07:47:33.252,1.1664,1.16644
EUR/USD,20180703 07:52:34.387,1.166,1.16604
EUR/USD,20180703 07:57:34.743,1.16654,1.16656
EUR/USD,20180703 08:02:38.062,1.16679,1.16682
EUR/USD,20180703 08:07:38.741,1.16701,1.1670399999999999
EUR/USD,20180703 08:12:38.742,1.16676,1.16679
EUR/USD,20180703 08:17:40.325,1.1667299999999998,1.16676
EUR/USD,20180703 08:22:40.804,1.16662,1.16665
EUR/USD,20180703 08:27:40.808,1.16622,1.16626
EUR/USD,20180703 08:32:40.814,1.16625,1.16628
EUR/USD,20180703 08:37:40.919,1.16603,1.16604
EUR/USD,20180703 08:42:42.049,1.16625,1.1662700000000001
EUR/USD,20180703 08:47:42.105,1.1667,1.1667299999999998
EUR/USD,20180703 08:52:43.086,1.16639,1.16642
EUR/USD,20180703 08:57:50.472,1.16651,1.16658
EUR/USD,20180703 09:02:54.135,1.16567,1.1657
EUR/USD,20180703 09:07:54.369,1.1657899999999999,1.16582
EUR/USD,20180703 09:12:54.868,1.16572,1.16575
EUR/USD,20180703 09:17:55.579,1.16529,1.16533
EUR/USD,20180703 09:22:56.588,1.16569,1.16574
EUR/USD,20180703 09:27:57.113,1.16547,1.16551
EUR/USD,20180703 09:33:03.544,1.16582,1.16587
EUR/USD,20180703 09:38:04.387,1.16572,1.16575
EUR/USD,20180703 09:43:09.433,1.1660700000000002,1.16609
EUR/USD,20180703 09:48:09.587,1.1663,1.16631
EUR/USD,20180703 09:53:09.917,1.16602,1.16603
EUR/USD,20180703 09:58:09.920,1.16526,1.16529
EUR/USD,20180703 10:03:10.607,1.1655200000000001,1.16554
EUR/USD,20180703 10:08:10.609,1.16594,1.1659700000000002
EUR/USD,20180703 10:13:10.613,1.16563,1.16567
EUR/USD,20180703 10:18:14.430,1.16562,1.1656600000000001
EUR/USD,20180703 10:23:14.497,1.16559,1.16562
EUR/USD,20180703 10:28:14.522,1.16535,1.16539
EUR/USD,20180703 10:33:14.958,1.1647299999999998,1.16477
EUR/USD,20180703 10:38:14.997,1.1652,1.16523
EUR/USD,20180703 10:43:15.012,1.16516,1.1651799999999999
EUR/USD,20180703 10:48:15.600,1.16501,1.1650399999999999
EUR/USD,20180703 10:53:16.934,1.1649399999999999,1.16498
EUR/USD,20180703 10:58:17.590,1.16505,1.16507
EUR/USD,20180703 11:03:17.960,1.16499,1.1650200000000002
EUR/USD,20180703 11:08:18.492,1.16493,1.16497
EUR/USD,20180703 11:13:19.049,1.16499,1.16501
EUR/USD,20180703 11:18:19.271,1.1649399999999999,1.16498
EUR/USD,20180703 11:23:21.838,1.16513,1.16517
EUR/USD,20180703 11:28:23.167,1.1655,1.16553
EUR/USD,20180703 11:33:25.051,1.16545,1.1654799999999998
EUR/USD,20180703 11:38:25.344,1.1658899999999999,1.16592
EUR/USD,20180703 11:43:27.687,1.16567,1.1657
EUR/USD,20180703 11:48:27.726,1.16574,1.1657799999999998
EUR/USD,20180703 11:53:28.229,1.16636,1.1663700000000001
EUR/USD,20180703 11:58:28.558,1.16657,1.1666
EUR/USD,20180703 12:03:30.052,1.16646,1.16649
EUR/USD,20180703 12:08:30.297,1.1664299999999999,1.1664700000000001
EUR/USD,20180703 12:13:31.238,1.1666100000000001,1.1666299999999998
EUR/USD,20180703 12:18:31.358,1.16616,1.1662
EUR/USD,20180703 12:23:31.550,1.16612,1.16614
EUR/USD,20180703 12:28:32.894,1.1657899999999999,1.16581
EUR/USD,20180703 12:33:33.897,1.1656799999999998,1.1657
EUR/USD,20180703 12:38:34.075,1.1653799999999999,1.16541
EUR/USD,20180703 12:43:35.038,1.16567,1.16571
EUR/USD,20180703 12:48:36.304,1.1649399999999999,1.16498
EUR/USD,20180703 12:53:36.634,1.16499,1.1650200000000002
EUR/USD,20180703 12:58:37.456,1.16534,1.1654
EUR/USD,20180703 13:03:39.061,1.16515,1.16515
EUR/USD,20180703 13:08:41.610,1.16464,1.16467
EUR/USD,20180703 13:13:41.757,1.1648,1.1648399999999999
EUR/USD,20180703 13:18:42.764,1.16442,1.16445
EUR/USD,20180703 13:23:43.721,1.16465,1.1647100000000001
EUR/USD,20180703 13:28:51.195,1.16472,1.1647399999999999
EUR/USD,20180703 13:33:51.805,1.1647299999999998,1.16477
EUR/USD,20180703 13:38:52.946,1.16455,1.16459
EUR/USD,20180703 13:43:54.566,1.1649,1.16493
EUR/USD,20180703 13:48:55.489,1.16466,1.16469
EUR/USD,20180703 13:53:55.684,1.1649,1.16493
EUR/USD,20180703 13:58:55.686,1.16537,1.1654
EUR/USD,20180703 14:03:56.685,1.16555,1.16559
EUR/USD,20180703 14:08:57.056,1.16546,1.1655
EUR/USD,20180703 14:14:00.435,1.16541,1.16546
EUR/USD,20180703 14:19:00.582,1.1655,1.1655200000000001
EUR/USD,20180703 14:24:01.579,1.16564,1.1656600000000001
EUR/USD,20180703 14:29:02.427,1.1657600000000001,1.1657899999999999
EUR/USD,20180703 14:34:02.484,1.1661,1.16612
EUR/USD,20180703 14:39:06.067,1.16634,1.16638
EUR/USD,20180703 14:44:07.733,1.16609,1.1661299999999999
EUR/USD,20180703 14:49:10.125,1.16551,1.16557
EUR/USD,20180703 14:54:10.342,1.16572,1.1657600000000001
EUR/USD,20180703 14:59:11.106,1.16486,1.16489
EUR/USD,20180703 15:04:11.144,1.16499,1.16501
EUR/USD,20180703 15:09:11.882,1.16545,1.16549
EUR/USD,20180703 15:14:13.361,1.16547,1.1655
EUR/USD,20180703 15:19:14.871,1.1657799999999998,1.1658
EUR/USD,20180703 15:24:15.127,1.16593,1.1659700000000002
EUR/USD,20180703 15:29:16.543,1.16577,1.16582
EUR/USD,20180703 15:34:17.200,1.16556,1.16559
EUR/USD,20180703 15:39:17.240,1.1656600000000001,1.1657
EUR/USD,20180703 15:44:19.667,1.16531,1.16537
EUR/USD,20180703 15:49:20.214,1.1652799999999999,1.1653
EUR/USD,20180703 15:54:25.916,1.16541,1.16543
EUR/USD,20180703 15:59:27.289,1.16523,1.16525
EUR/USD,20180703 16:04:27.386,1.16526,1.1653
EUR/USD,20180703 16:09:28.002,1.16478,1.16482
EUR/USD,20180703 16:14:28.563,1.16466,1.1647100000000001
EUR/USD,20180703 16:19:30.605,1.16457,1.1646100000000001
EUR/USD,20180703 16:24:31.541,1.1646,1.1646299999999998
EUR/USD,20180703 16:29:39.906,1.1645,1.1645299999999998
EUR/USD,20180703 16:34:40.337,1.16448,1.16451
EUR/USD,20180703 16:39:40.823,1.16454,1.16457
EUR/USD,20180703 16:44:41.526,1.16477,1.16479
EUR/USD,20180703 16:49:42.337,1.1648,1.16485
EUR/USD,20180703 16:54:43.665,1.1648100000000001,1.1648399999999999
EUR/USD,20180703 16:59:44.085,1.16501,1.1650399999999999
EUR/USD,20180703 17:04:44.628,1.16517,1.1652
EUR/USD,20180703 17:09:51.500,1.16521,1.16523
EUR/USD,20180703 17:14:52.132,1.16468,1.16472
EUR/USD,20180703 17:19:55.023,1.1648100000000001,1.16485
EUR/USD,20180703 17:25:01.149,1.16497,1.16501
EUR/USD,20180703 17:30:01.198,1.1652,1.16523
EUR/USD,20180703 17:35:01.232,1.16535,1.1653799999999999
EUR/USD,20180703 17:40:01.426,1.16554,1.16557
EUR/USD,20180703 17:45:02.625,1.16559,1.16562
EUR/USD,20180703 17:50:05.431,1.1657799999999998,1.16582
EUR/USD,20180703 17:55:06.780,1.1658,1.16582
EUR/USD,20180703 18:00:08.774,1.1658,1.16582
EUR/USD,20180703 18:05:14.198,1.16593,1.16595
EUR/USD,20180703 18:10:20.187,1.16567,1.16571
EUR/USD,20180703 18:15:23.101,1.16596,1.16602
EUR/USD,20180703 18:20:23.796,1.16569,1.16573
EUR/USD,20180703 18:25:25.005,1.1658,1.16583
EUR/USD,20180703 18:30:30.075,1.1657,1.16573
EUR/USD,20180703 18:35:39.794,1.16555,1.16561
EUR/USD,20180703 18:41:07.908,1.16544,1.16547
EUR/USD,20180703 18:46:19.104,1.16541,1.16543
EUR/USD,20180703 18:51:36.228,1.1654,1.16545
EUR/USD,20180703 18:56:36.512,1.16515,1.1652
EUR/USD,20180703 19:01:43.930,1.16521,1.16526
EUR/USD,20180703 19:07:03.894,1.16519,1.1652200000000001
EUR/USD,20180703 19:12:04.041,1.16549,1.1655200000000001
EUR/USD,20180703 19:17:07.474,1.16563,1.16567
EUR/USD,20180703 19:22:08.036,1.16564,1.16567
EUR/USD,20180703 19:27:36.370,1.1657799999999998,1.16583
EUR/USD,20180703 19:32:36.829,1.1657799999999998,1.16583
EUR/USD,20180703 19:37:49.651,1.16577,1.16583
EUR/USD,20180703 19:42:57.515,1.16592,1.16593
EUR/USD,20180703 19:47:57.799,1.16618,1.1662299999999999
EUR/USD,20180703 19:52:58.696,1.16619,1.16624
EUR/USD,20180703 19:57:59.245,1.16619,1.1662299999999999
EUR/USD,20180703 20:03:05.427,1.16624,1.16628
EUR/USD,20180703 20:08:07.111,1.1661299999999999,1.16618
EUR/USD,20180703 20:13:07.642,1.16604,1.16609
EUR/USD,20180703 20:18:14.554,1.16621,1.1662299999999999
EUR/USD,20180703 20:23:19.184,1.16632,1.1663700000000001
EUR/USD,20180703 20:28:24.310,1.16618,1.16626
EUR/USD,20180703 20:33:29.899,1.16615,1.16622
EUR/USD,20180703 20:38:37.415,1.16616,1.16625
EUR/USD,20180703 20:43:50.345,1.16618,1.16624
EUR/USD,20180703 20:48:58.369,1.16602,1.16612
EUR/USD,20180703 20:53:58.492,1.16604,1.16612
EUR/USD,20180703 20:58:59.526,1.16588,1.1659700000000002
EUR/USD,20180703 21:04:11.589,1.16573,1.1662
EUR/USD,20180703 21:11:07.258,1.16574,1.16601
EUR/USD,20180703 21:16:38.731,1.16574,1.1658600000000001
EUR/USD,20180703 21:21:47.323,1.1658899999999999,1.16603
EUR/USD,20180703 21:26:52.556,1.16577,1.16601
EUR/USD,20180703 21:32:00.047,1.1658899999999999,1.1661299999999999
EUR/USD,20180703 21:37:00.057,1.16582,1.16612
EUR/USD,20180703 21:42:09.070,1.16581,1.1661
EUR/USD,20180703 21:47:13.084,1.1657799999999998,1.16593
EUR/USD,20180703 21:52:14.251,1.1657600000000001,1.16591
EUR/USD,20180703 21:57:22.319,1.16583,1.16594
EUR/USD,20180703 22:02:27.239,1.1658899999999999,1.16598
EUR/USD,20180703 22:07:34.034,1.166,1.16611
EUR/USD,20180703 22:12:37.989,1.16595,1.16606
EUR/USD,20180703 22:17:41.861,1.1658600000000001,1.16596
EUR/USD,20180703 22:22:43.120,1.16588,1.16593
EUR/USD,20180703 22:27:44.803,1.16595,1.166
EUR/USD,20180703 22:32:47.402,1.16581,1.16588
EUR/USD,20180703 22:37:53.105,1.16591,1.1659700000000002
EUR/USD,20180703 22:42:54.738,1.16584,1.1659
EUR/USD,20180703 22:48:02.452,1.1658600000000001,1.1658899999999999
EUR/USD,20180703 22:53:07.230,1.16593,1.166
EUR/USD,20180703 22:58:31.161,1.16594,1.166
EUR/USD,20180703 23:03:31.709,1.16587,1.16594
EUR/USD,20180703 23:08:32.376,1.16585,1.1659
EUR/USD,20180703 23:13:35.951,1.16575,1.1657899999999999
EUR/USD,20180703 23:18:40.986,1.16569,1.16575
EUR/USD,20180703 23:23:46.244,1.1658,1.16584
EUR/USD,20180703 23:28:47.092,1.1657,1.16575
EUR/USD,20180703 23:33:50.953,1.16554,1.16559
EUR/USD,20180703 23:39:00.547,1.16571,1.16575
EUR/USD,20180703 23:44:07.427,1.1655200000000001,1.1656
EUR/USD,20180703 23:49:11.285,1.16559,1.1656600000000001
EUR/USD,20180703 23:54:13.974,1.1657899999999999,1.16585
EUR/USD,20180703 23:59:30.031,1.16592,1.16596
EUR/USD,20180704 00:04:33.725,1.16629,1.16634
EUR/USD,20180704 00:09:39.484,1.16628,1.16631
EUR/USD,20180704 00:14:48.655,1.16639,1.16642
EUR/USD,20180704 00:19:53.223,1.16624,1.16628
EUR/USD,20180704 00:24:53.309,1.16636,1.16638
EUR/USD,20180704 00:29:54.954,1.1664299999999999,1.16648
EUR/USD,20180704 00:34:57.918,1.16649,1.1665299999999998
EUR/USD,20180704 00:40:01.869,1.16652,1.16654
EUR/USD,20180704 00:45:02.617,1.16651,1.1665299999999998
EUR/USD,20180704 00:50:06.557,1.1668399999999999,1.16689
EUR/USD,20180704 00:55:07.036,1.1668399999999999,1.16687
EUR/USD,20180704 01:00:09.777,1.1670399999999999,1.16707
EUR/USD,20180704 01:05:10.505,1.1668399999999999,1.16687
EUR/USD,20180704 01:10:10.564,1.1666,1.16664
EUR/USD,20180704 01:15:12.218,1.1665299999999998,1.1666
EUR/USD,20180704 01:20:13.517,1.16672,1.16675
EUR/USD,20180704 01:25:14.352,1.16683,1.16687
EUR/USD,20180704 01:30:14.441,1.1669399999999999,1.16698
EUR/USD,20180704 01:35:15.129,1.16746,1.1675
EUR/USD,20180704 01:40:15.176,1.16743,1.16747
EUR/USD,20180704 01:45:15.549,1.1676799999999998,1.16772
EUR/USD,20180704 01:50:16.032,1.16733,1.16736
EUR/USD,20180704 01:55:16.240,1.16782,1.1678600000000001
EUR/USD,20180704 02:00:17.158,1.16735,1.1673799999999999
EUR/USD,20180704 02:05:19.298,1.16735,1.16737
EUR/USD,20180704 02:10:19.544,1.16719,1.16725
EUR/USD,20180704 02:15:20.154,1.16715,1.1671799999999999
EUR/USD,20180704 02:20:21.455,1.16701,1.16705
EUR/USD,20180704 02:25:30.394,1.1671200000000002,1.16715
EUR/USD,20180704 02:30:31.371,1.1669,1.16693
EUR/USD,20180704 02:35:39.193,1.16679,1.16685
EUR/USD,20180704 02:40:39.630,1.1665,1.16654
EUR/USD,20180704 02:45:46.542,1.16657,1.16659
EUR/USD,20180704 02:50:54.403,1.16652,1.16655
EUR/USD,20180704 02:55:55.392,1.1667,1.16675
EUR/USD,20180704 03:00:56.692,1.1669,1.1669399999999999
EUR/USD,20180704 03:05:59.174,1.16665,1.16669
EUR/USD,20180704 03:11:01.101,1.16657,1.16659
EUR/USD,20180704 03:16:05.235,1.16656,1.1666
EUR/USD,20180704 03:21:07.005,1.16662,1.16667
EUR/USD,20180704 03:26:08.431,1.1665,1.16655
EUR/USD,20180704 03:31:09.712,1.16634,1.1663700000000001
EUR/USD,20180704 03:36:09.767,1.16646,1.16652
EUR/USD,20180704 03:41:09.969,1.1666100000000001,1.16664
EUR/USD,20180704 03:46:10.862,1.1665,1.16655
EUR/USD,20180704 03:51:12.930,1.1665,1.16654
EUR/USD,20180704 03:56:19.751,1.16639,1.16644
EUR/USD,20180704 04:01:23.302,1.16638,1.16645
EUR/USD,20180704 04:06:25.595,1.16634,1.16639
EUR/USD,20180704 04:11:26.097,1.16628,1.16631
EUR/USD,20180704 04:16:29.387,1.1662700000000001,1.16631
EUR/USD,20180704 04:21:30.901,1.16638,1.16641
EUR/USD,20180704 04:26:36.213,1.1664,1.16642
EUR/USD,20180704 04:31:37.120,1.1663700000000001,1.16642
EUR/USD,20180704 04:36:37.637,1.16619,1.1662299999999999
EUR/USD,20180704 04:41:37.865,1.16614,1.16619
EUR/USD,20180704 04:46:41.670,1.16616,1.1662
EUR/USD,20180704 04:52:00.181,1.16609,1.16614
EUR/USD,20180704 04:57:01.329,1.16631,1.16635
EUR/USD,20180704 05:02:02.051,1.16619,1.16624
EUR/USD,20180704 05:07:02.441,1.16639,1.1664299999999999
EUR/USD,20180704 05:12:02.539,1.1665299999999998,1.16658
EUR/USD,20180704 05:17:04.157,1.16649,1.1665299999999998
EUR/USD,20180704 05:22:06.451,1.16656,1.1666
EUR/USD,20180704 05:27:07.630,1.16696,1.167
EUR/USD,20180704 05:32:08.421,1.16686,1.1669
EUR/USD,20180704 05:37:19.510,1.16682,1.16685
EUR/USD,20180704 05:42:21.198,1.16677,1.1668100000000001
EUR/USD,20180704 05:47:21.910,1.1668100000000001,1.1668399999999999
EUR/USD,20180704 05:52:23.796,1.16672,1.16675
EUR/USD,20180704 05:57:28.631,1.1670399999999999,1.16706
EUR/USD,20180704 06:02:34.167,1.16672,1.16677
EUR/USD,20180704 06:07:39.624,1.16636,1.16641
EUR/USD,20180704 06:12:39.636,1.1676,1.16764
EUR/USD,20180704 06:17:40.207,1.16745,1.1674799999999999
EUR/USD,20180704 06:22:40.301,1.16771,1.16775
EUR/USD,20180704 06:27:48.132,1.16729,1.1673200000000001
EUR/USD,20180704 06:32:50.066,1.16746,1.1675200000000001
EUR/USD,20180704 06:37:50.165,1.16719,1.1672200000000001
EUR/USD,20180704 06:42:55.389,1.16715,1.16716
EUR/USD,20180704 06:47:57.074,1.1676600000000001,1.1676799999999998
EUR/USD,20180704 06:52:58.291,1.1677799999999998,1.16781
EUR/USD,20180704 06:57:59.625,1.1678600000000001,1.16791
EUR/USD,20180704 07:03:01.545,1.1676,1.16763
EUR/USD,20180704 07:08:08.935,1.16745,1.1675
EUR/USD,20180704 07:13:15.908,1.16761,1.1676600000000001
EUR/USD,20180704 07:18:20.697,1.1672,1.16724
EUR/USD,20180704 07:23:21.467,1.16631,1.16634
EUR/USD,20180704 07:28:21.501,1.1664,1.1664299999999999
EUR/USD,20180704 07:33:22.169,1.16678,1.16682
EUR/USD,20180704 07:38:24.460,1.16651,1.16655
EUR/USD,20180704 07:43:24.494,1.16603,1.16606
EUR/USD,20180704 07:48:26.902,1.16655,1.16657
EUR/USD,20180704 07:53:27.217,1.1651799999999999,1.16521
EUR/USD,20180704 07:58:27.362,1.16509,1.16513
EUR/USD,20180704 08:03:28.482,1.16506,1.16509
EUR/USD,20180704 08:08:29.136,1.1646100000000001,1.1646299999999998
EUR/USD,20180704 08:13:31.435,1.16382,1.16385
EUR/USD,20180704 08:18:31.637,1.16426,1.16429
EUR/USD,20180704 08:23:31.668,1.16398,1.16401
EUR/USD,20180704 08:28:33.890,1.16441,1.16444
EUR/USD,20180704 08:33:34.002,1.16468,1.16472
EUR/USD,20180704 08:38:40.099,1.16462,1.16465
EUR/USD,20180704 08:43:41.743,1.16458,1.1646
EUR/USD,20180704 08:48:43.733,1.16457,1.1646
EUR/USD,20180704 08:53:44.939,1.16426,1.16428
EUR/USD,20180704 08:58:47.145,1.16467,1.1647
EUR/USD,20180704 09:03:47.275,1.16431,1.16432
EUR/USD,20180704 09:08:52.517,1.1641700000000001,1.16421
EUR/USD,20180704 09:13:53.748,1.16394,1.1639700000000002
EUR/USD,20180704 09:18:54.306,1.1643700000000001,1.1644
EUR/USD,20180704 09:23:54.509,1.16415,1.16419
EUR/USD,20180704 09:28:54.571,1.16381,1.16383
EUR/USD,20180704 09:34:03.077,1.16382,1.16384
EUR/USD,20180704 09:39:04.052,1.16336,1.16339
EUR/USD,20180704 09:44:05.672,1.16343,1.16345
EUR/USD,20180704 09:49:07.893,1.16334,1.16337
EUR/USD,20180704 09:54:09.284,1.16356,1.1635799999999998
EUR/USD,20180704 09:59:09.326,1.16351,1.16354
EUR/USD,20180704 10:04:10.907,1.1637,1.16372
EUR/USD,20180704 10:09:18.520,1.16326,1.16331
EUR/USD,20180704 10:14:20.726,1.16325,1.1632799999999999
EUR/USD,20180704 10:19:22.103,1.1634799999999998,1.1635
EUR/USD,20180704 10:24:23.016,1.16346,1.16346
EUR/USD,20180704 10:29:27.013,1.16373,1.1637600000000001
EUR/USD,20180704 10:34:28.713,1.16404,1.1640700000000002
EUR/USD,20180704 10:39:30.541,1.1641,1.16414
EUR/USD,20180704 10:44:33.686,1.16408,1.16412
EUR/USD,20180704 10:49:45.924,1.1636799999999998,1.1637600000000001
EUR/USD,20180704 10:54:48.684,1.16393,1.16398
EUR/USD,20180704 10:59:53.433,1.16409,1.16416
EUR/USD,20180704 11:05:00.506,1.16395,1.1640000000000001
EUR/USD,20180704 11:10:01.587,1.16382,1.16385
EUR/USD,20180704 11:15:06.341,1.1634799999999998,1.16351
EUR/USD,20180704 11:20:10.055,1.1637899999999999,1.16381
EUR/USD,20180704 11:25:17.774,1.16382,1.16383
EUR/USD,20180704 11:30:22.481,1.16381,1.16384
EUR/USD,20180704 11:35:23.004,1.16401,1.16405
EUR/USD,20180704 11:40:39.435,1.16405,1.16411
EUR/USD,20180704 11:45:52.071,1.16402,1.16408
EUR/USD,20180704 11:50:52.365,1.16395,1.16398
EUR/USD,20180704 11:55:52.471,1.16395,1.1639899999999999
EUR/USD,20180704 12:00:53.223,1.16367,1.1637
EUR/USD,20180704 12:05:59.311,1.16372,1.16375
EUR/USD,20180704 12:11:03.524,1.16412,1.16414
EUR/USD,20180704 12:16:04.022,1.16428,1.16432
EUR/USD,20180704 12:21:07.185,1.16425,1.16431
EUR/USD,20180704 12:26:07.830,1.16411,1.16415
EUR/USD,20180704 12:31:17.841,1.1641700000000001,1.16422
EUR/USD,20180704 12:36:18.130,1.16401,1.16406
EUR/USD,20180704 12:41:20.296,1.1642700000000001,1.1643
EUR/USD,20180704 12:46:20.843,1.1644700000000001,1.16449
EUR/USD,20180704 12:51:22.818,1.16424,1.1642700000000001
EUR/USD,20180704 12:56:23.138,1.16438,1.1644299999999999
EUR/USD,20180704 13:01:23.885,1.16438,1.1644
EUR/USD,20180704 13:06:26.134,1.16448,1.16451
EUR/USD,20180704 13:11:29.054,1.16424,1.16431
EUR/USD,20180704 13:16:30.172,1.16424,1.16428
EUR/USD,20180704 13:21:33.782,1.1639899999999999,1.16401
EUR/USD,20180704 13:26:35.202,1.16395,1.1639899999999999
EUR/USD,20180704 13:31:41.778,1.16403,1.1640700000000002
EUR/USD,20180704 13:36:42.091,1.16402,1.16406
EUR/USD,20180704 13:41:42.658,1.16396,1.1640000000000001
EUR/USD,20180704 13:46:44.342,1.1639899999999999,1.16403
EUR/USD,20180704 13:51:45.615,1.16426,1.1643
EUR/USD,20180704 13:56:45.653,1.1647299999999998,1.16478
EUR/USD,20180704 14:01:49.913,1.1644299999999999,1.1644700000000001
EUR/USD,20180704 14:06:50.289,1.1647399999999999,1.16478
EUR/USD,20180704 14:11:50.904,1.16465,1.1647
EUR/USD,20180704 14:16:54.073,1.16464,1.16469
EUR/USD,20180704 14:22:00.885,1.16469,1.16476
EUR/USD,20180704 14:27:00.961,1.16477,1.1648
EUR/USD,20180704 14:32:09.443,1.16475,1.16479
EUR/USD,20180704 14:37:10.092,1.16451,1.16454
EUR/USD,20180704 14:42:14.586,1.16452,1.16455
EUR/USD,20180704 14:47:18.480,1.16477,1.16478
EUR/USD,20180704 14:52:18.505,1.16448,1.16451
EUR/USD,20180704 14:57:18.726,1.16434,1.16436
EUR/USD,20180704 15:02:19.212,1.1643700000000001,1.1644
EUR/USD,20180704 15:07:24.183,1.16419,1.16422
EUR/USD,20180704 15:12:24.707,1.1639899999999999,1.16404
EUR/USD,20180704 15:17:24.990,1.1641,1.16414
EUR/USD,20180704 15:22:27.784,1.16398,1.16401
EUR/USD,20180704 15:27:31.823,1.16396,1.1639899999999999
EUR/USD,20180704 15:32:35.911,1.16384,1.1638700000000002
EUR/USD,20180704 15:37:38.434,1.16394,1.1639899999999999
EUR/USD,20180704 15:42:44.599,1.1639,1.16395
EUR/USD,20180704 15:47:44.662,1.16377,1.16381
EUR/USD,20180704 15:52:46.243,1.16395,1.16398
EUR/USD,20180704 15:57:54.462,1.16416,1.1642299999999999
EUR/USD,20180704 16:03:30.101,1.1641,1.16415
EUR/USD,20180704 16:08:32.199,1.16385,1.1638899999999999
EUR/USD,20180704 16:13:35.896,1.16393,1.16401
EUR/USD,20180704 16:18:35.973,1.16391,1.16395
EUR/USD,20180704 16:23:36.273,1.16638,1.1664299999999999
EUR/USD,20180704 16:28:38.882,1.16604,1.1661
EUR/USD,20180704 16:33:43.524,1.16609,1.16615
EUR/USD,20180704 16:38:48.468,1.16616,1.16622
EUR/USD,20180704 16:43:49.179,1.1666,1.16664
EUR/USD,20180704 16:48:49.901,1.16657,1.1666299999999998
EUR/USD,20180704 16:53:51.456,1.16731,1.16736
EUR/USD,20180704 16:58:55.886,1.16687,1.16693
EUR/USD,20180704 17:04:01.686,1.16683,1.16689
EUR/USD,20180704 17:09:07.309,1.1670399999999999,1.16719
EUR/USD,20180704 17:14:09.779,1.16723,1.16731
EUR/USD,20180704 17:19:12.011,1.1670399999999999,1.1671200000000002
EUR/USD,20180704 17:24:15.927,1.1670200000000002,1.16711
EUR/USD,20180704 17:29:18.977,1.1671,1.16723
EUR/USD,20180704 17:34:24.407,1.1674,1.16746
EUR/USD,20180704 17:39:33.541,1.1673799999999999,1.16744
EUR/USD,20180704 17:44:34.943,1.16695,1.16705
EUR/USD,20180704 17:49:56.634,1.1667100000000001,1.16679
EUR/USD,20180704 17:55:00.253,1.16687,1.16696
EUR/USD,20180704 18:00:07.842,1.16667,1.16679
EUR/USD,20180704 18:05:08.082,1.16664,1.1667299999999998
EUR/USD,20180704 18:10:09.072,1.16657,1.16666
EUR/USD,20180704 18:15:12.998,1.1665,1.16656
EUR/USD,20180704 18:21:05.354,1.16652,1.16665
EUR/USD,20180704 18:26:10.264,1.16657,1.16666
EUR/USD,20180704 18:31:19.705,1.16656,1.16666
EUR/USD,20180704 18:36:22.999,1.16662,1.1667100000000001
EUR/USD,20180704 18:41:38.448,1.1667,1.16677
EUR/USD,20180704 18:47:31.493,1.16669,1.16678
EUR/USD,20180704 18:52:34.121,1.1667,1.16677
EUR/USD,20180704 18:57:38.055,1.1666,1.16669
EUR/USD,20180704 19:02:45.039,1.16655,1.16665
EUR/USD,20180704 19:07:45.106,1.16679,1.16685
EUR/USD,20180704 19:12:59.170,1.16669,1.16677
EUR/USD,20180704 19:18:11.712,1.1667,1.16682
EUR/USD,20180704 19:23:11.724,1.16648,1.16669
EUR/USD,20180704 19:28:12.311,1.16641,1.16649
EUR/USD,20180704 19:33:14.528,1.1661700000000002,1.16626
EUR/USD,20180704 19:38:15.422,1.16616,1.1663
EUR/USD,20180704 19:43:16.252,1.1659899999999999,1.1661
EUR/USD,20180704 19:48:35.224,1.16587,1.16595
EUR/USD,20180704 19:53:43.491,1.16557,1.16567
EUR/USD,20180704 19:58:44.507,1.16541,1.1654799999999998
EUR/USD,20180704 20:03:54.371,1.16521,1.16531
EUR/USD,20180704 20:09:18.246,1.16541,1.16572
EUR/USD,20180704 20:14:26.406,1.16549,1.16561
EUR/USD,20180704 20:19:30.599,1.16549,1.16563
EUR/USD,20180704 20:24:34.703,1.1656,1.1657600000000001
EUR/USD,20180704 20:29:52.817,1.16559,1.16571
EUR/USD,20180704 20:34:57.151,1.1655,1.16561
EUR/USD,20180704 20:40:08.492,1.16553,1.16565
EUR/USD,20180704 20:45:14.534,1.1654799999999998,1.16562
EUR/USD,20180704 20:50:15.469,1.1655200000000001,1.16564
EUR/USD,20180704 20:55:19.839,1.16554,1.16572
EUR/USD,20180704 21:00:25.059,1.1655200000000001,1.16582
EUR/USD,20180704 21:05:29.616,1.16526,1.16606
EUR/USD,20180704 21:10:39.203,1.1655200000000001,1.16582
EUR/USD,20180704 21:16:05.073,1.16562,1.16582
EUR/USD,20180704 21:21:31.058,1.1656,1.16582
EUR/USD,20180704 21:30:00.081,1.16555,1.1657799999999998
EUR/USD,20180704 21:35:05.783,1.1655200000000001,1.1657799999999998
EUR/USD,20180704 21:40:08.714,1.16563,1.16581
EUR/USD,20180704 21:45:22.072,1.16561,1.16581
EUR/USD,20180704 21:50:24.439,1.16564,1.16581
EUR/USD,20180704 21:55:28.474,1.16564,1.16582
EUR/USD,20180704 22:00:28.474,1.16554,1.1657
EUR/USD,20180704 22:05:30.632,1.16571,1.1657799999999998
EUR/USD,20180704 22:10:38.647,1.16573,1.1657799999999998
EUR/USD,20180704 22:15:41.680,1.1659,1.1659899999999999
EUR/USD,20180704 22:20:42.947,1.16611,1.16616
EUR/USD,20180704 22:25:43.436,1.16615,1.16624
EUR/USD,20180704 22:31:00.637,1.16595,1.16602
EUR/USD,20180704 22:36:01.093,1.16595,1.16605
EUR/USD,20180704 22:41:06.470,1.16609,1.16615
EUR/USD,20180704 22:46:07.870,1.16596,1.16605
EUR/USD,20180704 22:51:15.110,1.16591,1.16598
EUR/USD,20180704 22:56:16.617,1.16598,1.16604
EUR/USD,20180704 23:01:21.302,1.1659,1.16596
EUR/USD,20180704 23:06:23.390,1.16606,1.16611
EUR/USD,20180704 23:11:34.352,1.16575,1.1658
EUR/USD,20180704 23:16:34.679,1.1658899999999999,1.16596
EUR/USD,20180704 23:21:42.217,1.16609,1.16612
EUR/USD,20180704 23:26:46.754,1.16615,1.1662299999999999
EUR/USD,20180704 23:31:50.384,1.1661299999999999,1.1661700000000002
EUR/USD,20180704 23:36:53.338,1.16598,1.16601
EUR/USD,20180704 23:41:55.003,1.16604,1.1660700000000002
EUR/USD,20180704 23:46:55.713,1.16615,1.16624
EUR/USD,20180704 23:52:32.864,1.16616,1.16621
EUR/USD,20180704 23:57:36.343,1.16616,1.1662
EUR/USD,20180705 00:02:44.096,1.16606,1.1661
EUR/USD,20180705 00:07:44.328,1.16608,1.1661
EUR/USD,20180705 00:12:44.337,1.16572,1.1657600000000001
EUR/USD,20180705 00:17:57.543,1.16598,1.16602
EUR/USD,20180705 00:22:58.026,1.16581,1.1658600000000001
EUR/USD,20180705 00:27:58.038,1.1657899999999999,1.16583
EUR/USD,20180705 00:33:03.968,1.16572,1.1657899999999999
EUR/USD,20180705 00:38:06.347,1.16557,1.16561
EUR/USD,20180705 00:43:08.371,1.1656600000000001,1.1657
EUR/USD,20180705 00:48:11.553,1.16546,1.16549
EUR/USD,20180705 00:53:11.947,1.16549,1.16553
EUR/USD,20180705 00:58:12.789,1.16565,1.16569
EUR/USD,20180705 01:03:15.289,1.16577,1.16581
EUR/USD,20180705 01:08:16.990,1.16555,1.1655799999999998
EUR/USD,20180705 01:13:18.507,1.16581,1.16585
EUR/USD,20180705 01:18:23.322,1.16593,1.16596
EUR/USD,20180705 01:23:24.033,1.16598,1.16601
EUR/USD,20180705 01:28:24.199,1.16605,1.16609
EUR/USD,20180705 01:33:31.241,1.16559,1.16563
EUR/USD,20180705 01:38:32.360,1.16602,1.16605
EUR/USD,20180705 01:43:32.419,1.16596,1.16601
EUR/USD,20180705 01:48:35.093,1.16609,1.16611
EUR/USD,20180705 01:53:37.784,1.16622,1.16625
EUR/USD,20180705 01:58:37.987,1.16598,1.16601
EUR/USD,20180705 02:03:40.245,1.16594,1.1659700000000002
EUR/USD,20180705 02:08:40.357,1.16584,1.1658899999999999
EUR/USD,20180705 02:13:41.320,1.1659,1.16593
EUR/USD,20180705 02:18:43.043,1.1659700000000002,1.1659899999999999
EUR/USD,20180705 02:23:43.044,1.1658600000000001,1.1659
EUR/USD,20180705 02:28:43.896,1.1659899999999999,1.16603
EUR/USD,20180705 02:33:44.296,1.16588,1.16592
EUR/USD,20180705 02:38:49.772,1.16648,1.16652
EUR/USD,20180705 02:43:50.393,1.16648,1.16651
EUR/USD,20180705 02:48:50.708,1.16642,1.16649
EUR/USD,20180705 02:53:50.734,1.16641,1.16645
EUR/USD,20180705 02:58:52.939,1.16628,1.16634
EUR/USD,20180705 03:03:54.217,1.16614,1.16619
EUR/USD,20180705 03:08:56.327,1.16609,1.16614
EUR/USD,20180705 03:14:00.801,1.1662700000000001,1.16629
EUR/USD,20180705 03:19:07.486,1.1662299999999999,1.16629
EUR/USD,20180705 03:24:24.624,1.1661299999999999,1.16618
EUR/USD,20180705 03:29:33.188,1.16619,1.16622
EUR/USD,20180705 03:34:33.220,1.16612,1.16615
EUR/USD,20180705 03:40:03.695,1.16593,1.1659700000000002
EUR/USD,20180705 03:45:03.931,1.16606,1.1661299999999999
EUR/USD,20180705 03:50:07.693,1.1657600000000001,1.1657899999999999
EUR/USD,20180705 03:55:07.912,1.16585,1.1658899999999999
EUR/USD,20180705 04:00:09.123,1.16582,1.16587
EUR/USD,20180705 04:05:17.096,1.16581,1.16585
EUR/USD,20180705 04:10:17.657,1.16569,1.16572
EUR/USD,20180705 04:15:21.016,1.16581,1.16584
EUR/USD,20180705 04:20:21.598,1.16574,1.1657799999999998
EUR/USD,20180705 04:25:31.813,1.16562,1.16567
EUR/USD,20180705 04:30:37.393,1.16565,1.16567
EUR/USD,20180705 04:35:38.842,1.16564,1.1657
EUR/USD,20180705 04:40:49.726,1.16551,1.16556
EUR/USD,20180705 04:46:00.568,1.1655799999999998,1.16565
EUR/USD,20180705 04:51:00.724,1.16565,1.1657
EUR/USD,20180705 04:56:04.501,1.16581,1.16584
EUR/USD,20180705 05:01:05.108,1.1655799999999998,1.16563
EUR/USD,20180705 05:06:05.802,1.16544,1.1654799999999998
EUR/USD,20180705 05:11:06.724,1.1651,1.16514
EUR/USD,20180705 05:16:07.068,1.16541,1.16543
EUR/USD,20180705 05:21:15.420,1.16545,1.1654799999999998
EUR/USD,20180705 05:26:15.442,1.16619,1.16622
EUR/USD,20180705 05:31:18.644,1.16652,1.16655
EUR/USD,20180705 05:36:19.369,1.16679,1.16682
EUR/USD,20180705 05:41:20.452,1.16724,1.1672799999999999
EUR/USD,20180705 05:46:20.713,1.16796,1.1679899999999999
EUR/USD,20180705 05:51:20.834,1.16877,1.16882
EUR/USD,20180705 05:56:20.885,1.1691,1.1691200000000002
EUR/USD,20180705 06:01:22.447,1.16991,1.16995
EUR/USD,20180705 06:06:25.111,1.16939,1.16944
EUR/USD,20180705 06:11:25.906,1.16935,1.1693799999999999
EUR/USD,20180705 06:16:25.908,1.16929,1.16933
EUR/USD,20180705 06:21:25.963,1.16956,1.1696
EUR/USD,20180705 06:26:25.963,1.1690200000000002,1.16905
EUR/USD,20180705 06:31:26.527,1.16908,1.1691200000000002
EUR/USD,20180705 06:36:27.815,1.16926,1.1693
EUR/USD,20180705 06:41:29.790,1.1707100000000001,1.17074
EUR/USD,20180705 06:46:33.085,1.17036,1.17038
EUR/USD,20180705 06:51:34.906,1.17046,1.1705
EUR/USD,20180705 06:56:35.258,1.17011,1.17016
EUR/USD,20180705 07:01:35.327,1.16949,1.1695200000000001
EUR/USD,20180705 07:06:35.432,1.1695,1.16954
EUR/USD,20180705 07:11:36.228,1.16993,1.16996
EUR/USD,20180705 07:16:40.251,1.1698,1.16984
EUR/USD,20180705 07:21:41.092,1.16969,1.16973
EUR/USD,20180705 07:26:41.229,1.16937,1.1694
EUR/USD,20180705 07:31:41.344,1.16914,1.16917
EUR/USD,20180705 07:36:43.172,1.1691,1.1691200000000002
EUR/USD,20180705 07:41:46.306,1.16923,1.16929
EUR/USD,20180705 07:46:50.302,1.16919,1.16924
EUR/USD,20180705 07:51:52.770,1.1693200000000001,1.16936
EUR/USD,20180705 07:56:53.813,1.1689100000000001,1.16893
EUR/USD,20180705 08:01:55.257,1.1686,1.16864
EUR/USD,20180705 08:06:56.213,1.16794,1.16798
EUR/USD,20180705 08:11:56.398,1.16841,1.16844
EUR/USD,20180705 08:16:56.411,1.16842,1.16844
EUR/USD,20180705 08:21:57.196,1.1687299999999998,1.16874
EUR/USD,20180705 08:26:58.421,1.16842,1.16845
EUR/USD,20180705 08:32:00.519,1.16844,1.16846
EUR/USD,20180705 08:37:01.130,1.16879,1.16883
EUR/USD,20180705 08:42:01.175,1.1688,1.16883
EUR/USD,20180705 08:47:01.527,1.16865,1.16868
EUR/USD,20180705 08:52:02.080,1.16879,1.1688100000000001
EUR/USD,20180705 08:57:02.151,1.1693200000000001,1.16935
EUR/USD,20180705 09:02:02.239,1.16914,1.1691799999999999
EUR/USD,20180705 09:07:02.262,1.16885,1.16888
EUR/USD,20180705 09:12:04.653,1.16886,1.16889
EUR/USD,20180705 09:17:08.889,1.16869,1.16874
EUR/USD,20180705 09:22:14.519,1.1686,1.1686299999999998
EUR/USD,20180705 09:27:14.780,1.16861,1.16865
EUR/USD,20180705 09:32:16.076,1.16887,1.1689
EUR/USD,20180705 09:37:16.934,1.1689399999999999,1.16897
EUR/USD,20180705 09:42:18.195,1.1687299999999998,1.16875
EUR/USD,20180705 09:47:19.069,1.16949,1.16953
EUR/USD,20180705 09:52:19.124,1.16854,1.16857
EUR/USD,20180705 09:57:20.076,1.1687100000000001,1.16874
EUR/USD,20180705 10:02:21.336,1.1684,1.1684299999999999
EUR/USD,20180705 10:07:21.828,1.16874,1.16877
EUR/USD,20180705 10:12:24.184,1.1688399999999999,1.16887
EUR/USD,20180705 10:17:27.139,1.16895,1.16899
EUR/USD,20180705 10:22:28.093,1.16913,1.16915
EUR/USD,20180705 10:27:28.940,1.16888,1.1689
EUR/USD,20180705 10:32:30.506,1.1688399999999999,1.16887
EUR/USD,20180705 10:37:30.559,1.16864,1.16867
EUR/USD,20180705 10:42:33.176,1.1688,1.16885
EUR/USD,20180705 10:47:40.006,1.1689,1.1689100000000001
EUR/USD,20180705 10:52:41.363,1.16836,1.16839
EUR/USD,20180705 10:57:44.347,1.16832,1.16836
EUR/USD,20180705 11:02:44.517,1.1686299999999998,1.16866
EUR/USD,20180705 11:07:46.107,1.16906,1.1691
EUR/USD,20180705 11:12:46.222,1.16971,1.16973
EUR/USD,20180705 11:17:46.985,1.1696600000000001,1.1696799999999998
EUR/USD,20180705 11:22:46.987,1.16964,1.16967
EUR/USD,20180705 11:27:48.549,1.1699,1.16992
EUR/USD,20180705 11:32:48.620,1.16985,1.16987
EUR/USD,20180705 11:37:48.898,1.16991,1.16992
EUR/USD,20180705 11:42:49.299,1.1702700000000001,1.17029
EUR/USD,20180705 11:47:49.440,1.1704299999999999,1.1704700000000001
EUR/USD,20180705 11:52:49.689,1.17054,1.17055
EUR/USD,20180705 11:57:54.097,1.17049,1.17054
EUR/USD,20180705 12:02:55.127,1.17067,1.1707
EUR/USD,20180705 12:07:55.527,1.1707,1.1707299999999998
EUR/USD,20180705 12:12:56.481,1.1707100000000001,1.17075
EUR/USD,20180705 12:17:56.936,1.17083,1.17086
EUR/USD,20180705 12:22:59.531,1.17193,1.17195
EUR/USD,20180705 12:28:02.759,1.17156,1.17162
EUR/USD,20180705 12:33:03.678,1.1715799999999998,1.1716
EUR/USD,20180705 12:38:04.611,1.1713,1.1713200000000001
EUR/USD,20180705 12:43:05.007,1.1709100000000001,1.1709200000000002
EUR/USD,20180705 12:48:05.534,1.1711200000000002,1.17115
EUR/USD,20180705 12:53:07.520,1.17121,1.17124
EUR/USD,20180705 12:58:12.501,1.17116,1.17119
EUR/USD,20180705 13:03:14.016,1.17103,1.17106
EUR/USD,20180705 13:08:14.240,1.17083,1.17087
EUR/USD,20180705 13:13:15.019,1.1707299999999998,1.17075
EUR/USD,20180705 13:18:15.866,1.17042,1.17045
EUR/USD,20180705 13:23:16.078,1.17086,1.17089
EUR/USD,20180705 13:28:16.103,1.1698,1.16984
EUR/USD,20180705 13:33:16.478,1.1697799999999998,1.16981
EUR/USD,20180705 13:38:16.527,1.16957,1.1696
EUR/USD,20180705 13:43:16.633,1.1697799999999998,1.16982
EUR/USD,20180705 13:48:16.643,1.16991,1.16994
EUR/USD,20180705 13:53:17.108,1.16991,1.16994
EUR/USD,20180705 13:58:20.068,1.17042,1.17045
EUR/USD,20180705 14:03:20.206,1.1691799999999999,1.16921
EUR/USD,20180705 14:08:20.624,1.16934,1.1693799999999999
EUR/USD,20180705 14:13:20.685,1.1694200000000001,1.16944
EUR/USD,20180705 14:18:22.426,1.16963,1.16965
EUR/USD,20180705 14:23:28.304,1.17003,1.17006
EUR/USD,20180705 14:28:31.476,1.17028,1.17031
EUR/USD,20180705 14:33:32.537,1.16984,1.16985
EUR/USD,20180705 14:38:34.170,1.1699700000000002,1.17
EUR/USD,20180705 14:43:34.298,1.1702700000000001,1.17031
EUR/USD,20180705 14:48:36.531,1.17006,1.1701
EUR/USD,20180705 14:53:37.835,1.1698600000000001,1.1699
EUR/USD,20180705 14:58:37.879,1.17056,1.1706
EUR/USD,20180705 15:03:37.955,1.1699,1.16993
EUR/USD,20180705 15:08:38.153,1.17002,1.17005
EUR/USD,20180705 15:13:38.176,1.16982,1.1698600000000001
EUR/USD,20180705 15:18:39.942,1.17019,1.17022
EUR/USD,20180705 15:23:40.435,1.17025,1.17028
EUR/USD,20180705 15:28:41.696,1.1698899999999999,1.16994
EUR/USD,20180705 15:33:41.820,1.1696600000000001,1.16969
EUR/USD,20180705 15:38:43.944,1.16962,1.16965
EUR/USD,20180705 15:43:44.425,1.1695799999999998,1.16962
EUR/USD,20180705 15:48:45.102,1.16946,1.1694799999999999
EUR/USD,20180705 15:53:45.631,1.1694,1.16944
EUR/USD,20180705 15:58:52.558,1.16943,1.16947
EUR/USD,20180705 16:03:54.059,1.16961,1.16964
EUR/USD,20180705 16:08:57.138,1.16971,1.16975
EUR/USD,20180705 16:13:59.659,1.16956,1.16957
EUR/USD,20180705 16:19:00.058,1.16974,1.16977
EUR/USD,20180705 16:24:00.396,1.1695,1.16955
EUR/USD,20180705 16:29:01.833,1.16961,1.16965
EUR/USD,20180705 16:34:02.024,1.1693,1.16934
EUR/USD,20180705 16:39:04.746,1.1694799999999999,1.1695200000000001
EUR/USD,20180705 16:44:06.143,1.16953,1.16956
EUR/USD,20180705 16:49:08.305,1.16953,1.16955
EUR/USD,20180705 16:54:09.118,1.1697,1.16975
EUR/USD,20180705 16:59:09.444,1.1696799999999998,1.1697
EUR/USD,20180705 17:04:09.573,1.16957,1.16961
EUR/USD,20180705 17:09:09.631,1.1692799999999999,1.16929
EUR/USD,20180705 17:14:10.177,1.16899,1.169
EUR/USD,20180705 17:19:10.758,1.16893,1.16897
EUR/USD,20180705 17:24:13.620,1.1690200000000002,1.16906
EUR/USD,20180705 17:29:15.467,1.1689399999999999,1.16898
EUR/USD,20180705 17:34:15.629,1.16846,1.16849
EUR/USD,20180705 17:39:15.659,1.1685,1.1685299999999998
EUR/USD,20180705 17:44:20.226,1.16868,1.1687299999999998
EUR/USD,20180705 17:49:21.536,1.1687299999999998,1.16878
EUR/USD,20180705 17:54:21.578,1.16849,1.16854
EUR/USD,20180705 17:59:22.787,1.16819,1.16825
EUR/USD,20180705 18:04:22.981,1.1684299999999999,1.1684700000000001
EUR/USD,20180705 18:09:26.039,1.1677799999999998,1.16784
EUR/USD,20180705 18:14:26.586,1.16751,1.16754
EUR/USD,20180705 18:19:27.549,1.1680700000000002,1.16811
EUR/USD,20180705 18:24:27.751,1.16801,1.16804
EUR/USD,20180705 18:29:28.522,1.16824,1.1683
EUR/USD,20180705 18:34:29.351,1.1677899999999999,1.16781
EUR/USD,20180705 18:39:31.068,1.16772,1.16777
EUR/USD,20180705 18:44:31.222,1.16773,1.1677600000000001
EUR/USD,20180705 18:49:31.242,1.16773,1.1677600000000001
EUR/USD,20180705 18:54:32.576,1.16784,1.16788
EUR/USD,20180705 18:59:32.867,1.16794,1.1679700000000002
EUR/USD,20180705 19:04:33.424,1.16806,1.16809
EUR/USD,20180705 19:09:34.164,1.16819,1.1682299999999999
EUR/USD,20180705 19:14:46.151,1.16824,1.1682700000000001
EUR/USD,20180705 19:19:48.123,1.16835,1.16841
EUR/USD,20180705 19:24:52.188,1.16851,1.16855
EUR/USD,20180705 19:29:54.100,1.16869,1.16874
EUR/USD,20180705 19:34:59.842,1.1687299999999998,1.16878
EUR/USD,20180705 19:40:00.971,1.1689,1.16893
EUR/USD,20180705 19:45:01.138,1.16883,1.16885
EUR/USD,20180705 19:50:01.200,1.16867,1.16872
EUR/USD,20180705 19:55:02.939,1.1688399999999999,1.16887
EUR/USD,20180705 20:00:03.379,1.16915,1.16919
EUR/USD,20180705 20:05:04.665,1.1691200000000002,1.16914
EUR/USD,20180705 20:10:06.913,1.16882,1.16885
EUR/USD,20180705 20:15:11.043,1.1688,1.16883
EUR/USD,20180705 20:20:13.599,1.16883,1.16889
EUR/USD,20180705 20:25:16.002,1.16897,1.169
EUR/USD,20180705 20:30:25.097,1.16898,1.1690399999999999
EUR/USD,20180705 20:35:27.819,1.16898,1.16901
EUR/USD,20180705 20:40:33.432,1.1689399999999999,1.16899
EUR/USD,20180705 20:45:37.904,1.16897,1.1690399999999999
EUR/USD,20180705 20:50:43.883,1.16907,1.16914
EUR/USD,20180705 20:55:44.044,1.16911,1.1691799999999999
EUR/USD,20180705 21:00:49.199,1.16898,1.16936
EUR/USD,20180705 21:06:01.806,1.16893,1.16941
EUR/USD,20180705 21:11:05.183,1.16887,1.16923
EUR/USD,20180705 21:16:16.748,1.16888,1.16916
EUR/USD,20180705 21:21:31.105,1.169,1.1691799999999999
EUR/USD,20180705 21:29:07.564,1.169,1.1691200000000002
EUR/USD,20180705 21:35:01.424,1.16898,1.16913
EUR/USD,20180705 21:40:02.369,1.1690200000000002,1.1691200000000002
EUR/USD,20180705 21:45:04.060,1.1689,1.16905
EUR/USD,20180705 21:50:04.873,1.16898,1.16909
EUR/USD,20180705 21:55:05.532,1.16897,1.16907
EUR/USD,20180705 22:00:06.827,1.1688100000000001,1.169
EUR/USD,20180705 22:05:20.246,1.1690399999999999,1.16911
EUR/USD,20180705 22:10:32.718,1.16899,1.16905
EUR/USD,20180705 22:15:33.536,1.16903,1.16905
EUR/USD,20180705 22:20:35.370,1.16888,1.16893
EUR/USD,20180705 22:25:41.426,1.16896,1.16901
EUR/USD,20180705 22:31:00.837,1.16908,1.1691200000000002
EUR/USD,20180705 22:36:03.183,1.1690200000000002,1.16909
EUR/USD,20180705 22:41:03.457,1.16911,1.16917
EUR/USD,20180705 22:46:05.452,1.1691799999999999,1.16924
EUR/USD,20180705 22:51:11.900,1.1690200000000002,1.16906
EUR/USD,20180705 22:56:41.849,1.1690399999999999,1.16907
EUR/USD,20180705 23:01:50.253,1.16907,1.16911
EUR/USD,20180705 23:06:53.580,1.16901,1.16907
EUR/USD,20180705 23:12:04.760,1.169,1.16907
EUR/USD,20180705 23:17:14.296,1.1690200000000002,1.16905
EUR/USD,20180705 23:22:16.185,1.1691200000000002,1.16915
EUR/USD,20180705 23:27:31.090,1.1694,1.16945
EUR/USD,20180705 23:32:39.448,1.16931,1.16935
EUR/USD,20180705 23:37:52.997,1.16935,1.1694200000000001
EUR/USD,20180705 23:42:53.483,1.1695,1.16954
EUR/USD,20180705 23:47:53.742,1.16944,1.16947
EUR/USD,20180705 23:52:56.034,1.16926,1.1692799999999999
EUR/USD,20180705 23:57:57.838,1.16933,1.1694
EUR/USD,20180706 00:03:04.122,1.16927,1.16931
EUR/USD,20180706 00:08:05.808,1.16944,1.16947
EUR/USD,20180706 00:13:08.642,1.16924,1.16926
EUR/USD,20180706 00:18:09.050,1.16937,1.16941
EUR/USD,20180706 00:23:17.447,1.1692200000000001,1.16926
EUR/USD,20180706 00:28:18.812,1.16931,1.16934
EUR/USD,20180706 00:33:18.845,1.1693200000000001,1.16935
EUR/USD,20180706 00:38:19.280,1.16936,1.16939
EUR/USD,20180706 00:43:27.081,1.1694200000000001,1.16947
EUR/USD,20180706 00:48:28.908,1.16935,1.1694
EUR/USD,20180706 00:53:37.598,1.16924,1.16929
EUR/USD,20180706 00:58:40.501,1.1692,1.16925
EUR/USD,20180706 01:03:46.838,1.16917,1.16921
EUR/USD,20180706 01:08:49.151,1.16925,1.16931
EUR/USD,20180706 01:13:52.136,1.16916,1.16919
EUR/USD,20180706 01:18:54.270,1.16878,1.1688100000000001
EUR/USD,20180706 01:23:54.779,1.16872,1.16875
EUR/USD,20180706 01:29:01.071,1.16851,1.16856
EUR/USD,20180706 01:34:04.197,1.16841,1.16842
EUR/USD,20180706 01:39:11.356,1.1682700000000001,1.16832
EUR/USD,20180706 01:44:15.309,1.16818,1.16821
EUR/USD,20180706 01:49:18.235,1.1683700000000001,1.16841
EUR/USD,20180706 01:54:18.278,1.16844,1.16849
EUR/USD,20180706 01:59:18.334,1.16814,1.16816
EUR/USD,20180706 02:04:19.113,1.16813,1.1681700000000002
EUR/USD,20180706 02:09:20.778,1.16846,1.1685
EUR/USD,20180706 02:14:20.900,1.1685299999999998,1.16857
EUR/USD,20180706 02:19:25.180,1.16848,1.16852
EUR/USD,20180706 02:24:26.820,1.16859,1.16862
EUR/USD,20180706 02:29:36.153,1.16889,1.16897
EUR/USD,20180706 02:34:39.458,1.16887,1.16889
EUR/USD,20180706 02:39:39.839,1.16868,1.1687299999999998
EUR/USD,20180706 02:44:52.566,1.16882,1.16886
EUR/USD,20180706 02:49:59.538,1.16889,1.1689200000000002
EUR/USD,20180706 02:55:07.829,1.16877,1.16883
EUR/USD,20180706 03:00:09.982,1.16856,1.16861
EUR/USD,20180706 03:05:24.792,1.1686299999999998,1.1687299999999998
EUR/USD,20180706 03:10:28.578,1.16876,1.16879
EUR/USD,20180706 03:15:29.275,1.16855,1.16858
EUR/USD,20180706 03:20:29.480,1.16849,1.1685299999999998
EUR/USD,20180706 03:25:29.615,1.1685,1.1685299999999998
EUR/USD,20180706 03:30:34.011,1.16858,1.16861
EUR/USD,20180706 03:35:46.002,1.16848,1.16855
EUR/USD,20180706 03:40:46.950,1.16869,1.1687299999999998
EUR/USD,20180706 03:45:50.296,1.1687,1.1687299999999998
EUR/USD,20180706 03:50:53.048,1.16879,1.1688399999999999
EUR/USD,20180706 03:55:57.622,1.1688,1.1688399999999999
EUR/USD,20180706 04:01:08.532,1.16875,1.1688
EUR/USD,20180706 04:06:09.059,1.16868,1.1687299999999998
EUR/USD,20180706 04:11:14.222,1.16885,1.16889
EUR/USD,20180706 04:16:14.238,1.1695,1.16954
EUR/USD,20180706 04:21:14.416,1.1694,1.16944
EUR/USD,20180706 04:26:14.512,1.16917,1.16921
EUR/USD,20180706 04:31:15.924,1.1692,1.16923
EUR/USD,20180706 04:36:17.222,1.16931,1.1693799999999999
EUR/USD,20180706 04:41:19.064,1.1693,1.16933
EUR/USD,20180706 04:46:19.613,1.16944,1.16949
EUR/USD,20180706 04:51:33.974,1.1694,1.16945
EUR/USD,20180706 04:56:37.834,1.16906,1.16909
EUR/USD,20180706 05:01:38.133,1.16877,1.16879
EUR/USD,20180706 05:06:38.427,1.16901,1.16906
EUR/USD,20180706 05:11:38.503,1.16933,1.1693799999999999
EUR/USD,20180706 05:16:38.551,1.16923,1.16927
EUR/USD,20180706 05:21:44.026,1.1689,1.16893
EUR/USD,20180706 05:26:44.427,1.16921,1.16925
EUR/USD,20180706 05:31:49.775,1.16907,1.16911
EUR/USD,20180706 05:36:51.580,1.16887,1.1689
EUR/USD,20180706 05:41:56.987,1.1688100000000001,1.16885
EUR/USD,20180706 05:46:58.761,1.16926,1.16929
EUR/USD,20180706 05:51:59.892,1.1695,1.16955
EUR/USD,20180706 05:57:00.987,1.1702,1.17025
EUR/USD,20180706 06:02:01.087,1.17025,1.17028
EUR/USD,20180706 06:07:03.825,1.17117,1.17121
EUR/USD,20180706 06:12:04.170,1.17099,1.1710200000000002
EUR/USD,20180706 06:17:04.627,1.17068,1.1707
EUR/USD,20180706 06:22:04.787,1.17049,1.1705299999999998
EUR/USD,20180706 06:27:05.900,1.1708,1.17083
EUR/USD,20180706 06:32:09.331,1.17046,1.17048
EUR/USD,20180706 06:37:09.464,1.17078,1.17082
EUR/USD,20180706 06:42:10.950,1.17056,1.17058
EUR/USD,20180706 06:47:11.152,1.17085,1.17088
EUR/USD,20180706 06:52:12.731,1.17109,1.1711200000000002
EUR/USD,20180706 06:57:13.324,1.17169,1.17171
EUR/USD,20180706 07:02:18.192,1.17172,1.17174
EUR/USD,20180706 07:07:18.690,1.17109,1.17113
EUR/USD,20180706 07:12:18.697,1.1712200000000001,1.17126
EUR/USD,20180706 07:17:19.090,1.17099,1.17103
EUR/USD,20180706 07:22:19.385,1.17101,1.17105
EUR/USD,20180706 07:27:19.847,1.17062,1.17064
EUR/USD,20180706 07:32:20.429,1.1708100000000001,1.1708399999999999
EUR/USD,20180706 07:37:20.443,1.17044,1.1704700000000001
EUR/USD,20180706 07:42:21.957,1.1704,1.17041
EUR/USD,20180706 07:47:26.604,1.17039,1.17039
EUR/USD,20180706 07:52:27.124,1.17054,1.17057
EUR/USD,20180706 07:57:28.297,1.17029,1.17032
EUR/USD,20180706 08:02:35.482,1.1703,1.17034
EUR/USD,20180706 08:07:35.499,1.17036,1.17039
EUR/USD,20180706 08:12:38.890,1.17082,1.17085
EUR/USD,20180706 08:17:39.057,1.17042,1.17046
EUR/USD,20180706 08:22:39.488,1.17061,1.17066
EUR/USD,20180706 08:27:47.335,1.17107,1.1711200000000002
EUR/USD,20180706 08:32:48.429,1.17131,1.1713799999999999
EUR/USD,20180706 08:37:49.200,1.17139,1.1714200000000001
EUR/USD,20180706 08:42:59.780,1.17117,1.17119
EUR/USD,20180706 08:48:00.062,1.1710399999999999,1.17106
EUR/USD,20180706 08:53:07.185,1.1711200000000002,1.17114
EUR/USD,20180706 08:58:08.391,1.17123,1.17124
EUR/USD,20180706 09:03:09.767,1.17171,1.17175
EUR/USD,20180706 09:08:10.888,1.17145,1.1714799999999999
EUR/USD,20180706 09:13:17.934,1.1715,1.1715200000000001
EUR/USD,20180706 09:18:18.344,1.17136,1.17139
EUR/USD,20180706 09:23:18.392,1.17101,1.17101
EUR/USD,20180706 09:28:18.524,1.17101,1.17107
EUR/USD,20180706 09:33:23.246,1.17086,1.1709100000000001
EUR/USD,20180706 09:38:23.373,1.17054,1.17056
EUR/USD,20180706 09:43:25.832,1.17067,1.17069
EUR/USD,20180706 09:48:26.537,1.1706,1.17062
EUR/USD,20180706 09:53:27.157,1.17055,1.1706
EUR/USD,20180706 09:58:29.326,1.17085,1.17086
EUR/USD,20180706 10:03:32.445,1.17058,1.17062
EUR/USD,20180706 10:08:32.449,1.17074,1.17077
EUR/USD,20180706 10:13:33.234,1.17064,1.17067
EUR/USD,20180706 10:18:33.320,1.17083,1.1708399999999999
EUR/USD,20180706 10:23:48.965,1.1709399999999999,1.17099
EUR/USD,20180706 10:28:49.455,1.17046,1.1705
EUR/USD,20180706 10:33:49.959,1.17051,1.17054
EUR/USD,20180706 10:38:57.345,1.17058,1.17062
EUR/USD,20180706 10:44:00.164,1.17061,1.1706299999999998
EUR/USD,20180706 10:49:00.278,1.17067,1.17069
EUR/USD,20180706 10:54:02.203,1.17078,1.17082
EUR/USD,20180706 10:59:13.249,1.17083,1.17088
EUR/USD,20180706 11:04:17.386,1.17085,1.17089
EUR/USD,20180706 11:09:20.173,1.1711,1.17114
EUR/USD,20180706 11:14:20.389,1.17141,1.17145
EUR/USD,20180706 11:19:24.865,1.17164,1.17169
EUR/USD,20180706 11:24:25.197,1.17172,1.17174
EUR/USD,20180706 11:29:25.825,1.1715799999999998,1.17164
EUR/USD,20180706 11:34:26.749,1.17174,1.1717799999999998
EUR/USD,20180706 11:39:32.394,1.1716799999999998,1.17172
EUR/USD,20180706 11:44:34.363,1.17182,1.17184
EUR/USD,20180706 11:49:37.368,1.17167,1.1717
EUR/USD,20180706 11:54:50.840,1.1714799999999999,1.17151
EUR/USD,20180706 11:59:55.058,1.1713200000000001,1.17135
EUR/USD,20180706 12:04:55.186,1.17145,1.17147
EUR/USD,20180706 12:09:56.007,1.17167,1.1717
EUR/USD,20180706 12:14:57.765,1.17239,1.17241
EUR/USD,20180706 12:19:58.698,1.1723,1.17231
EUR/USD,20180706 12:24:58.776,1.1721,1.17212
EUR/USD,20180706 12:29:58.806,1.1712799999999999,1.1715
EUR/USD,20180706 12:34:58.827,1.17387,1.17392
EUR/USD,20180706 12:39:58.867,1.1751,1.17514
EUR/USD,20180706 12:44:59.079,1.17497,1.175
EUR/USD,20180706 12:49:59.528,1.1744700000000001,1.1745
EUR/USD,20180706 12:54:59.816,1.1748100000000001,1.1748399999999999
EUR/USD,20180706 13:00:00.044,1.1743299999999999,1.1743700000000001
EUR/USD,20180706 13:05:00.171,1.1743,1.1743299999999999
EUR/USD,20180706 13:10:00.810,1.17549,1.17554
EUR/USD,20180706 13:15:00.822,1.17559,1.17562
EUR/USD,20180706 13:20:00.876,1.17524,1.17527
EUR/USD,20180706 13:25:01.148,1.17537,1.1754
EUR/USD,20180706 13:30:01.211,1.17594,1.17598
EUR/USD,20180706 13:35:04.605,1.17564,1.17567
EUR/USD,20180706 13:40:04.608,1.1756799999999998,1.17573
EUR/USD,20180706 13:45:04.658,1.17581,1.17583
EUR/USD,20180706 13:50:05.379,1.17595,1.17598
EUR/USD,20180706 13:55:06.145,1.17505,1.17508
EUR/USD,20180706 14:00:06.280,1.1756799999999998,1.17572
EUR/USD,20180706 14:05:06.380,1.17539,1.1754200000000001
EUR/USD,20180706 14:10:06.383,1.17535,1.17539
EUR/USD,20180706 14:15:07.093,1.1760700000000002,1.1761
EUR/USD,20180706 14:20:07.444,1.17608,1.17611
EUR/USD,20180706 14:25:08.248,1.17606,1.1760899999999999
EUR/USD,20180706 14:30:09.217,1.17612,1.1761700000000002
EUR/USD,20180706 14:35:11.547,1.1760700000000002,1.1761
EUR/USD,20180706 14:40:12.860,1.1757600000000001,1.1758
EUR/USD,20180706 14:45:14.922,1.17582,1.17584
EUR/USD,20180706 14:50:18.528,1.17547,1.1754799999999999
EUR/USD,20180706 14:55:19.699,1.17577,1.17581
EUR/USD,20180706 15:00:19.834,1.17564,1.1756799999999998
EUR/USD,20180706 15:05:26.614,1.17556,1.1756
EUR/USD,20180706 15:10:28.282,1.17536,1.17537
EUR/USD,20180706 15:15:35.106,1.17567,1.1756799999999998
EUR/USD,20180706 15:20:36.239,1.17594,1.1759700000000002
EUR/USD,20180706 15:25:41.185,1.17581,1.17584
EUR/USD,20180706 15:30:45.356,1.17573,1.1757600000000001
EUR/USD,20180706 15:35:46.064,1.17546,1.17549
EUR/USD,20180706 15:40:46.076,1.17442,1.17445
EUR/USD,20180706 15:45:47.309,1.1739700000000002,1.17401
EUR/USD,20180706 15:50:47.927,1.1735200000000001,1.17354
EUR/USD,20180706 15:55:49.887,1.1737799999999998,1.17384
EUR/USD,20180706 16:00:53.063,1.1735799999999998,1.17361
EUR/USD,20180706 16:05:53.647,1.17383,1.17387
EUR/USD,20180706 16:11:04.088,1.1738,1.17383
EUR/USD,20180706 16:16:04.089,1.17388,1.17392
EUR/USD,20180706 16:21:04.438,1.17404,1.17406
EUR/USD,20180706 16:26:04.638,1.1739899999999999,1.17403
EUR/USD,20180706 16:31:04.771,1.17369,1.17373
EUR/USD,20180706 16:36:05.427,1.17351,1.17353
EUR/USD,20180706 16:41:10.761,1.17373,1.17377
EUR/USD,20180706 16:46:11.483,1.17412,1.17416
EUR/USD,20180706 16:51:14.784,1.17444,1.17446
EUR/USD,20180706 16:56:14.988,1.1742,1.1742299999999999
EUR/USD,20180706 17:01:16.059,1.1746299999999998,1.17468
EUR/USD,20180706 17:06:19.256,1.1748100000000001,1.17485
EUR/USD,20180706 17:11:23.772,1.17458,1.17461
EUR/USD,20180706 17:16:26.026,1.17464,1.17467
EUR/USD,20180706 17:21:36.642,1.17452,1.1746
EUR/USD,20180706 17:26:36.979,1.1745,1.17455
EUR/USD,20180706 17:31:44.170,1.17434,1.17436
EUR/USD,20180706 17:36:45.899,1.1746,1.1746299999999998
EUR/USD,20180706 17:41:45.954,1.1744299999999999,1.17445
EUR/USD,20180706 17:46:55.211,1.17422,1.1742700000000001
EUR/USD,20180706 17:51:56.821,1.1739700000000002,1.17403
EUR/USD,20180706 17:57:01.615,1.1740899999999999,1.1741
EUR/USD,20180706 18:02:02.822,1.1740000000000002,1.17406
EUR/USD,20180706 18:07:03.208,1.17401,1.17405
EUR/USD,20180706 18:12:06.776,1.1739,1.17394
EUR/USD,20180706 18:17:16.314,1.1740000000000002,1.17404
EUR/USD,20180706 18:22:22.208,1.1741,1.17413
EUR/USD,20180706 18:27:39.268,1.17402,1.17404
EUR/USD,20180706 18:32:44.624,1.17413,1.1741700000000002
EUR/USD,20180706 18:37:48.697,1.17435,1.17439
EUR/USD,20180706 18:42:53.098,1.17408,1.17412
EUR/USD,20180706 18:47:54.349,1.17426,1.17429
EUR/USD,20180706 18:52:54.903,1.17428,1.1743299999999999
EUR/USD,20180706 18:57:58.537,1.17419,1.17422
EUR/USD,20180706 19:02:59.354,1.1745299999999999,1.1745700000000001
EUR/USD,20180706 19:08:10.052,1.17458,1.17462
EUR/USD,20180706 19:13:25.111,1.17444,1.17448
EUR/USD,20180706 19:18:27.135,1.1742299999999999,1.17426
EUR/USD,20180706 19:23:28.032,1.1742,1.1742299999999999
EUR/USD,20180706 19:28:32.761,1.1743,1.17434
EUR/USD,20180706 19:33:35.847,1.1742700000000001,1.1743
EUR/USD,20180706 19:38:37.532,1.17431,1.17436
EUR/USD,20180706 19:43:47.230,1.1742,1.17425
EUR/USD,20180706 19:48:50.592,1.1742,1.17425
EUR/USD,20180706 19:54:03.583,1.17419,1.1742299999999999
EUR/USD,20180706 19:59:03.700,1.1742299999999999,1.1742700000000001
EUR/USD,20180706 20:04:08.145,1.17452,1.17455
EUR/USD,20180706 20:09:15.128,1.1745299999999999,1.1746
EUR/USD,20180706 20:14:18.730,1.17442,1.17446
EUR/USD,20180706 20:19:31.395,1.17452,1.17458
EUR/USD,20180706 20:24:38.183,1.1746,1.17466
EUR/USD,20180706 20:29:43.564,1.17468,1.17474
EUR/USD,20180706 20:34:45.472,1.1747,1.17475
EUR/USD,20180706 20:39:49.520,1.17446,1.17451
EUR/USD,20180706 20:44:59.661,1.17422,1.17428
EUR/USD,20180706 20:50:00.091,1.17438,1.17446
EUR/USD,20180706 20:55:00.338,1.17413,1.1742299999999999
EUR/USD,20180708 21:02:25.553,1.17372,1.1756
EUR/USD,20180708 21:07:26.268,1.17444,1.17475
EUR/USD,20180708 21:12:26.270,1.17459,1.17475
EUR/USD,20180708 21:17:26.381,1.1744,1.17468
EUR/USD,20180708 21:22:35.990,1.1747100000000001,1.17501
EUR/USD,20180708 21:27:45.018,1.1748399999999999,1.17514
EUR/USD,20180708 21:33:11.357,1.17482,1.17516
EUR/USD,20180708 21:38:26.288,1.17485,1.17515
EUR/USD,20180708 21:43:35.495,1.17469,1.1751
EUR/USD,20180708 21:48:39.586,1.1746299999999998,1.17544
EUR/USD,20180708 21:53:40.543,1.17454,1.1748399999999999
EUR/USD,20180708 21:58:44.456,1.17462,1.17498
EUR/USD,20180708 22:03:46.266,1.17486,1.17506
EUR/USD,20180708 22:08:46.799,1.1751200000000002,1.17531
EUR/USD,20180708 22:13:48.543,1.17507,1.17524
EUR/USD,20180708 22:18:49.689,1.17505,1.17517
EUR/USD,20180708 22:24:03.568,1.17526,1.17541
EUR/USD,20180708 22:29:03.740,1.17516,1.17524
EUR/USD,20180708 22:34:03.858,1.17493,1.175
EUR/USD,20180708 22:39:05.100,1.1752,1.17526
EUR/USD,20180708 22:44:05.544,1.17448,1.17454
EUR/USD,20180708 22:49:16.444,1.17505,1.1751200000000002
EUR/USD,20180708 22:54:16.738,1.17518,1.17524
EUR/USD,20180708 22:59:20.187,1.17509,1.17515
EUR/USD,20180708 23:04:20.329,1.17493,1.17499
EUR/USD,20180708 23:09:27.162,1.17472,1.1748
EUR/USD,20180708 23:14:33.036,1.17496,1.17503
EUR/USD,20180708 23:19:36.620,1.17475,1.17478
EUR/USD,20180708 23:24:42.493,1.1745,1.17456
EUR/USD,20180708 23:29:47.151,1.17445,1.17449
EUR/USD,20180708 23:34:51.644,1.17462,1.17468
EUR/USD,20180708 23:39:51.686,1.1746,1.1746299999999998
EUR/USD,20180708 23:45:01.592,1.17487,1.1749
EUR/USD,20180708 23:50:09.622,1.17516,1.17519
EUR/USD,20180708 23:55:18.684,1.17509,1.17515
EUR/USD,20180709 00:00:20.238,1.17509,1.17515
EUR/USD,20180709 00:05:22.748,1.17507,1.17511
EUR/USD,20180709 00:10:23.019,1.17525,1.1752799999999999
EUR/USD,20180709 00:15:24.400,1.17523,1.17529
EUR/USD,20180709 00:20:25.747,1.17516,1.17519
EUR/USD,20180709 00:25:26.617,1.17508,1.17509
EUR/USD,20180709 00:30:26.679,1.17519,1.17521
EUR/USD,20180709 00:35:41.728,1.17507,1.1751200000000002
EUR/USD,20180709 00:40:50.190,1.17508,1.17509
EUR/USD,20180709 00:45:51.761,1.1752799999999999,1.1752799999999999
EUR/USD,20180709 00:50:53.304,1.17546,1.17551
EUR/USD,20180709 00:55:53.543,1.1753,1.17533
EUR/USD,20180709 01:00:56.938,1.17549,1.17556
EUR/USD,20180709 01:05:57.576,1.17543,1.1754799999999999
EUR/USD,20180709 01:11:04.496,1.17515,1.1752
EUR/USD,20180709 01:16:04.681,1.17527,1.17531
EUR/USD,20180709 01:21:04.727,1.1752,1.17523
EUR/USD,20180709 01:26:05.300,1.17515,1.17519
EUR/USD,20180709 01:31:05.377,1.17525,1.17531
EUR/USD,20180709 01:36:07.816,1.17603,1.17606
EUR/USD,20180709 01:41:12.435,1.17616,1.17619
EUR/USD,20180709 01:46:12.776,1.17611,1.17614
EUR/USD,20180709 01:51:18.955,1.17584,1.1759
EUR/USD,20180709 01:56:21.426,1.17645,1.17649
EUR/USD,20180709 02:01:24.091,1.1762700000000001,1.17632
EUR/USD,20180709 02:06:24.314,1.17621,1.17624
EUR/USD,20180709 02:11:36.028,1.1762299999999999,1.17629
EUR/USD,20180709 02:16:44.139,1.17592,1.1759600000000001
EUR/USD,20180709 02:21:46.103,1.1759600000000001,1.17598
EUR/USD,20180709 02:26:46.256,1.17574,1.1757799999999998
EUR/USD,20180709 02:31:51.097,1.17579,1.17584
EUR/USD,20180709 02:36:51.785,1.1758,1.17584
EUR/USD,20180709 02:41:53.074,1.17584,1.17587
EUR/USD,20180709 02:47:00.368,1.17606,1.1760899999999999
EUR/USD,20180709 02:52:01.288,1.1761700000000002,1.17618
EUR/USD,20180709 02:57:09.461,1.1760700000000002,1.17612
EUR/USD,20180709 03:02:12.024,1.17588,1.17594
EUR/USD,20180709 03:07:13.350,1.17601,1.17605
EUR/USD,20180709 03:12:13.464,1.17613,1.17615
EUR/USD,20180709 03:17:13.647,1.17614,1.1761700000000002
EUR/USD,20180709 03:22:14.662,1.17634,1.1763700000000001
EUR/USD,20180709 03:27:15.440,1.1764299999999999,1.1764700000000001
EUR/USD,20180709 03:32:16.299,1.17646,1.17648
EUR/USD,20180709 03:37:16.791,1.1765299999999999,1.1765700000000001
EUR/USD,20180709 03:42:17.781,1.17639,1.17642
EUR/USD,20180709 03:47:18.873,1.17632,1.1763700000000001
EUR/USD,20180709 03:52:19.997,1.17632,1.17636
EUR/USD,20180709 03:57:21.458,1.1762700000000001,1.17631
EUR/USD,20180709 04:02:33.251,1.1763700000000001,1.1764299999999999
EUR/USD,20180709 04:07:50.905,1.17638,1.17642
EUR/USD,20180709 04:12:58.824,1.17646,1.17651
EUR/USD,20180709 04:18:12.131,1.17641,1.17649
EUR/USD,20180709 04:23:29.085,1.17644,1.1764700000000001
EUR/USD,20180709 04:28:45.181,1.17624,1.17629
EUR/USD,20180709 04:33:47.853,1.17628,1.17631
EUR/USD,20180709 04:38:48.263,1.17632,1.17634
EUR/USD,20180709 04:43:59.870,1.17628,1.17632
EUR/USD,20180709 04:49:04.091,1.17615,1.17616
EUR/USD,20180709 04:54:11.176,1.17614,1.17618
EUR/USD,20180709 04:59:12.751,1.17606,1.17612
EUR/USD,20180709 05:04:16.528,1.1759899999999999,1.17601
EUR/USD,20180709 05:09:18.626,1.1759899999999999,1.17603
EUR/USD,20180709 05:14:20.540,1.1759700000000002,1.17601
EUR/USD,20180709 05:19:21.583,1.17588,1.17593
EUR/USD,20180709 05:24:25.163,1.17613,1.17616
EUR/USD,20180709 05:29:25.705,1.1760899999999999,1.17613
EUR/USD,20180709 05:34:32.586,1.17593,1.1759600000000001
EUR/USD,20180709 05:39:33.075,1.17585,1.1758899999999999
EUR/USD,20180709 05:44:34.680,1.17628,1.17631
EUR/USD,20180709 05:49:36.274,1.17674,1.17677
EUR/USD,20180709 05:54:37.570,1.17659,1.17664
EUR/USD,20180709 05:59:39.210,1.17692,1.17696
EUR/USD,20180709 06:04:40.836,1.17689,1.17692
EUR/USD,20180709 06:09:41.033,1.17755,1.17761
EUR/USD,20180709 06:14:41.483,1.17777,1.17781
EUR/USD,20180709 06:19:41.679,1.1773,1.17733
EUR/USD,20180709 06:24:44.055,1.1774799999999999,1.1775200000000001
EUR/USD,20180709 06:29:44.962,1.17706,1.17709
EUR/USD,20180709 06:34:45.061,1.17711,1.1771399999999999
EUR/USD,20180709 06:39:45.274,1.1767299999999998,1.17676
EUR/USD,20180709 06:44:45.337,1.1768100000000001,1.1768399999999999
EUR/USD,20180709 06:49:45.835,1.1767100000000001,1.17675
EUR/USD,20180709 06:54:49.703,1.17698,1.177
EUR/USD,20180709 06:59:53.236,1.17639,1.17644
EUR/USD,20180709 07:04:54.963,1.17612,1.17615
EUR/USD,20180709 07:09:55.590,1.17646,1.17649
EUR/USD,20180709 07:14:56.093,1.17659,1.1766299999999998
EUR/USD,20180709 07:19:57.120,1.17708,1.17711
EUR/USD,20180709 07:24:58.642,1.1765299999999999,1.17655
EUR/USD,20180709 07:29:59.379,1.17539,1.1754200000000001
EUR/USD,20180709 07:35:01.017,1.17531,1.17534
EUR/USD,20180709 07:40:01.254,1.17547,1.17551
EUR/USD,20180709 07:45:03.193,1.17561,1.17564
EUR/USD,20180709 07:50:05.111,1.17598,1.17602
EUR/USD,20180709 07:55:05.334,1.17666,1.1767
EUR/USD,20180709 08:00:05.851,1.17692,1.17696
EUR/USD,20180709 08:05:06.152,1.17715,1.17716
EUR/USD,20180709 08:10:08.511,1.17693,1.17695
EUR/USD,20180709 08:15:09.208,1.1769,1.17692
EUR/USD,20180709 08:20:09.335,1.17744,1.17747
EUR/USD,20180709 08:25:09.452,1.17811,1.17814
EUR/USD,20180709 08:30:09.517,1.17739,1.1774
EUR/USD,20180709 08:35:12.400,1.17741,1.17744
EUR/USD,20180709 08:40:14.172,1.17757,1.17761
EUR/USD,20180709 08:45:14.217,1.17774,1.1777799999999998
EUR/USD,20180709 08:50:15.048,1.17756,1.17759
EUR/USD,20180709 08:55:15.144,1.1772,1.17721
EUR/USD,20180709 09:00:16.588,1.1772200000000002,1.17726
EUR/USD,20180709 09:05:16.720,1.17706,1.17709
EUR/USD,20180709 09:10:16.866,1.17682,1.1768399999999999
EUR/USD,20180709 09:15:16.887,1.17659,1.17662
EUR/USD,20180709 09:20:21.615,1.17667,1.17669
EUR/USD,20180709 09:25:21.929,1.177,1.17703
EUR/USD,20180709 09:30:22.248,1.17674,1.17678
EUR/USD,20180709 09:35:22.639,1.1771,1.17713
EUR/USD,20180709 09:40:26.742,1.17725,1.1772799999999999
EUR/USD,20180709 09:45:29.406,1.1770100000000001,1.17703
EUR/USD,20180709 09:50:29.434,1.1765,1.17652
EUR/USD,20180709 09:55:30.028,1.17675,1.17677
EUR/USD,20180709 10:00:30.082,1.17709,1.1771200000000002
EUR/USD,20180709 10:05:30.230,1.177,1.1770200000000002
EUR/USD,20180709 10:10:33.101,1.1768,1.1768299999999998
EUR/USD,20180709 10:15:35.394,1.17677,1.1768
EUR/USD,20180709 10:20:37.313,1.17658,1.17661
EUR/USD,20180709 10:25:37.339,1.17644,1.17648
EUR/USD,20180709 10:30:39.536,1.17644,1.1764700000000001
EUR/USD,20180709 10:35:39.545,1.17655,1.17659
EUR/USD,20180709 10:40:41.224,1.1767,1.1767299999999998
EUR/USD,20180709 10:45:41.236,1.17651,1.17654
EUR/USD,20180709 10:50:47.034,1.17658,1.17659
EUR/USD,20180709 10:55:51.289,1.17685,1.17687
EUR/USD,20180709 11:00:55.016,1.17733,1.17735
EUR/USD,20180709 11:05:56.436,1.17757,1.1775799999999998
EUR/USD,20180709 11:10:57.317,1.17774,1.1777799999999998
EUR/USD,20180709 11:15:57.576,1.17782,1.1778600000000001
EUR/USD,20180709 11:20:59.074,1.17774,1.17777
EUR/USD,20180709 11:26:01.200,1.17766,1.17769
EUR/USD,20180709 11:31:02.005,1.17792,1.17795
EUR/USD,20180709 11:36:02.464,1.17792,1.1779600000000001
EUR/USD,20180709 11:41:04.657,1.1784299999999999,1.1784700000000001
EUR/USD,20180709 11:46:10.284,1.1787,1.17874
EUR/USD,20180709 11:51:13.077,1.1783299999999999,1.17835
EUR/USD,20180709 11:56:14.204,1.1783299999999999,1.17839
EUR/USD,20180709 12:01:14.501,1.17834,1.17838
EUR/USD,20180709 12:06:16.460,1.17866,1.17868
EUR/USD,20180709 12:11:18.258,1.17856,1.17859
EUR/USD,20180709 12:16:19.376,1.1789100000000001,1.17895
EUR/USD,20180709 12:21:20.942,1.17872,1.17875
EUR/USD,20180709 12:26:21.252,1.1786,1.17864
EUR/USD,20180709 12:31:21.499,1.17848,1.1785299999999999
EUR/USD,20180709 12:36:23.539,1.17835,1.1784
EUR/USD,20180709 12:41:25.531,1.17841,1.1784299999999999
EUR/USD,20180709 12:46:26.377,1.1784700000000001,1.1785
EUR/USD,20180709 12:51:26.389,1.1780700000000002,1.17811
EUR/USD,20180709 12:56:27.309,1.17787,1.17791
EUR/USD,20180709 13:01:27.387,1.17826,1.17829
EUR/USD,20180709 13:06:27.465,1.17757,1.17761
EUR/USD,20180709 13:11:29.645,1.17739,1.1774200000000001
EUR/USD,20180709 13:16:30.062,1.17763,1.17766
EUR/USD,20180709 13:21:30.083,1.17767,1.1777
EUR/USD,20180709 13:26:32.716,1.1774,1.17744
EUR/USD,20180709 13:31:33.690,1.17721,1.17725
EUR/USD,20180709 13:36:40.921,1.17739,1.17744
EUR/USD,20180709 13:41:47.305,1.1771200000000002,1.17716
EUR/USD,20180709 13:46:49.676,1.17692,1.17695
EUR/USD,20180709 13:51:50.129,1.1769,1.17693
EUR/USD,20180709 13:56:50.383,1.1765700000000001,1.17661
EUR/USD,20180709 14:01:50.423,1.17602,1.17604
EUR/USD,20180709 14:06:50.822,1.1762,1.17624
EUR/USD,20180709 14:11:52.531,1.17554,1.1755799999999998
EUR/USD,20180709 14:16:54.209,1.17573,1.17577
EUR/USD,20180709 14:21:54.772,1.17555,1.1755799999999998
EUR/USD,20180709 14:26:56.371,1.17569,1.17571
EUR/USD,20180709 14:31:56.573,1.17515,1.17518
EUR/USD,20180709 14:36:58.100,1.17553,1.1755799999999998
EUR/USD,20180709 14:41:59.027,1.1757600000000001,1.17579
EUR/USD,20180709 14:46:59.030,1.17571,1.17574
EUR/USD,20180709 14:52:00.044,1.1757799999999998,1.17583
EUR/USD,20180709 14:57:00.069,1.17554,1.17557
EUR/USD,20180709 15:02:02.214,1.17601,1.17605
EUR/USD,20180709 15:07:05.734,1.17581,1.17584
EUR/USD,20180709 15:12:06.410,1.17518,1.1752
EUR/USD,20180709 15:17:07.236,1.17488,1.1749100000000001
EUR/USD,20180709 15:22:08.999,1.17506,1.17508
EUR/USD,20180709 15:27:09.284,1.17492,1.17495
EUR/USD,20180709 15:32:16.327,1.17455,1.1746
EUR/USD,20180709 15:37:19.311,1.17474,1.17477
EUR/USD,20180709 15:42:20.504,1.17452,1.17456
EUR/USD,20180709 15:47:21.066,1.1745299999999999,1.17456
EUR/USD,20180709 15:52:22.025,1.17442,1.17446
EUR/USD,20180709 15:57:25.853,1.1744299999999999,1.17445
EUR/USD,20180709 16:02:28.007,1.1742299999999999,1.1742700000000001
EUR/USD,20180709 16:07:28.600,1.17464,1.17468
EUR/USD,20180709 16:12:28.766,1.17474,1.17478
EUR/USD,20180709 16:17:29.494,1.17489,1.1749100000000001
EUR/USD,20180709 16:22:37.554,1.1748399999999999,1.17486
EUR/USD,20180709 16:27:50.238,1.17493,1.17497
EUR/USD,20180709 16:32:51.453,1.17467,1.1747100000000001
EUR/USD,20180709 16:37:55.273,1.1744,1.1744299999999999
EUR/USD,20180709 16:42:59.448,1.17444,1.1744700000000001
EUR/USD,20180709 16:48:00.751,1.17438,1.17441
EUR/USD,20180709 16:53:01.431,1.17444,1.1744700000000001
EUR/USD,20180709 16:58:01.471,1.17456,1.1746
EUR/USD,20180709 17:03:02.938,1.17466,1.17469
EUR/USD,20180709 17:08:03.001,1.17438,1.17442
EUR/USD,20180709 17:13:03.185,1.1739600000000001,1.1739899999999999
EUR/USD,20180709 17:18:03.661,1.17387,1.1738899999999999
EUR/USD,20180709 17:23:04.272,1.17339,1.17341
EUR/USD,20180709 17:28:04.691,1.17354,1.17357
EUR/USD,20180709 17:33:04.773,1.17362,1.17365
EUR/USD,20180709 17:38:09.776,1.17359,1.17362
EUR/USD,20180709 17:43:10.338,1.17461,1.17465
EUR/USD,20180709 17:48:10.587,1.17438,1.1744299999999999
EUR/USD,20180709 17:53:11.885,1.17485,1.17489
EUR/USD,20180709 17:58:13.636,1.17469,1.17472
EUR/USD,20180709 18:03:16.290,1.1749,1.17493
EUR/USD,20180709 18:08:16.864,1.17496,1.17499
EUR/USD,20180709 18:13:23.459,1.17495,1.17498
EUR/USD,20180709 18:18:32.976,1.17482,1.17487
EUR/USD,20180709 18:23:32.982,1.17474,1.17476
EUR/USD,20180709 18:28:35.441,1.17501,1.17503
EUR/USD,20180709 18:33:45.183,1.1747100000000001,1.1747299999999998
EUR/USD,20180709 18:38:50.991,1.17462,1.17465
EUR/USD,20180709 18:43:52.661,1.17478,1.1748299999999998
EUR/USD,20180709 18:48:52.664,1.1747100000000001,1.17475
EUR/USD,20180709 18:53:59.100,1.17475,1.17478
EUR/USD,20180709 18:59:00.141,1.1749100000000001,1.17493
EUR/USD,20180709 19:04:00.157,1.17482,1.17486
EUR/USD,20180709 19:09:00.535,1.17497,1.175
EUR/USD,20180709 19:14:00.830,1.17497,1.175
EUR/USD,20180709 19:19:01.054,1.17493,1.17497
EUR/USD,20180709 19:24:05.668,1.17469,1.17475
EUR/USD,20180709 19:29:06.156,1.17428,1.17432
EUR/USD,20180709 19:34:07.663,1.17454,1.17456
EUR/USD,20180709 19:39:13.430,1.17442,1.17446
EUR/USD,20180709 19:44:18.165,1.1746299999999998,1.17466
EUR/USD,20180709 19:49:21.725,1.17487,1.17492
EUR/USD,20180709 19:54:21.812,1.17486,1.17489
EUR/USD,20180709 19:59:23.705,1.1746299999999998,1.17467
EUR/USD,20180709 20:04:35.671,1.17464,1.1747100000000001
EUR/USD,20180709 20:09:45.533,1.17469,1.17474
EUR/USD,20180709 20:14:46.452,1.17482,1.17486
EUR/USD,20180709 20:19:47.560,1.17498,1.17499
EUR/USD,20180709 20:24:48.078,1.17498,1.17503
EUR/USD,20180709 20:29:50.393,1.17497,1.17501
EUR/USD,20180709 20:34:55.889,1.17506,1.17513
EUR/USD,20180709 20:40:01.127,1.1749,1.17496
EUR/USD,20180709 20:45:01.190,1.17508,1.17513
EUR/USD,20180709 20:50:01.508,1.175,1.17503
EUR/USD,20180709 20:55:01.966,1.17503,1.17507
EUR/USD,20180709 21:00:22.767,1.17492,1.1752200000000002
EUR/USD,20180709 21:05:23.946,1.17527,1.1756799999999998
EUR/USD,20180709 21:10:29.276,1.17507,1.17543
EUR/USD,20180709 21:15:33.991,1.17505,1.17527
EUR/USD,20180709 21:20:34.358,1.1750200000000002,1.1753
EUR/USD,20180709 21:25:34.592,1.1751200000000002,1.17529
EUR/USD,20180709 21:30:48.739,1.1748299999999998,1.17511
EUR/USD,20180709 21:35:52.872,1.17488,1.17501
EUR/USD,20180709 21:40:53.949,1.17492,1.17506
EUR/USD,20180709 21:45:53.956,1.17486,1.17501
EUR/USD,20180709 21:50:54.741,1.1748,1.17489
EUR/USD,20180709 21:55:58.477,1.1748299999999998,1.17498
EUR/USD,20180709 22:01:00.063,1.17509,1.17516
EUR/USD,20180709 22:06:00.887,1.175,1.17506
EUR/USD,20180709 22:11:02.052,1.1749399999999999,1.17503
EUR/USD,20180709 22:16:16.917,1.17489,1.17497
EUR/USD,20180709 22:21:24.704,1.17492,1.17498
EUR/USD,20180709 22:26:26.309,1.17495,1.17503
EUR/USD,20180709 22:31:32.646,1.17496,1.17503
EUR/USD,20180709 22:36:40.312,1.17495,1.1750200000000002
EUR/USD,20180709 22:41:45.513,1.17514,1.17521
EUR/USD,20180709 22:46:47.140,1.17524,1.17526
EUR/USD,20180709 22:51:54.612,1.17506,1.1751200000000002
EUR/USD,20180709 22:57:11.574,1.1750200000000002,1.17507
EUR/USD,20180709 23:02:15.537,1.1749100000000001,1.17497
EUR/USD,20180709 23:07:46.052,1.17489,1.17495
EUR/USD,20180709 23:13:01.216,1.17511,1.17516
EUR/USD,20180709 23:18:06.446,1.1752,1.17525
EUR/USD,20180709 23:23:08.736,1.17523,1.17527
EUR/USD,20180709 23:28:16.361,1.1754799999999999,1.17553
EUR/USD,20180709 23:33:22.530,1.1754200000000001,1.1754799999999999
EUR/USD,20180709 23:38:26.542,1.1754200000000001,1.1754799999999999
EUR/USD,20180709 23:43:32.788,1.1755200000000001,1.17557
EUR/USD,20180709 23:48:41.475,1.17559,1.17563
EUR/USD,20180709 23:53:42.771,1.1754200000000001,1.17546
EUR/USD,20180709 23:58:51.650,1.17562,1.1756799999999998
EUR/USD,20180710 00:03:53.056,1.1757,1.17574
EUR/USD,20180710 00:08:57.597,1.1758600000000001,1.17591
EUR/USD,20180710 00:14:10.188,1.1758899999999999,1.17591
EUR/USD,20180710 00:19:12.381,1.17604,1.1760899999999999
EUR/USD,20180710 00:24:19.841,1.1759,1.17595
EUR/USD,20180710 00:29:22.023,1.17571,1.1757600000000001
EUR/USD,20180710 00:34:23.887,1.17585,1.1759
EUR/USD,20180710 00:39:29.817,1.17588,1.17592
EUR/USD,20180710 00:44:29.824,1.1761700000000002,1.17621
EUR/USD,20180710 00:49:32.551,1.17588,1.17591
EUR/USD,20180710 00:54:38.862,1.1757799999999998,1.17583
EUR/USD,20180710 00:59:38.900,1.1759,1.17592
EUR/USD,20180710 01:05:02.521,1.1759700000000002,1.17601
EUR/USD,20180710 01:10:02.531,1.17608,1.17611
EUR/USD,20180710 01:15:04.389,1.17611,1.17614
EUR/USD,20180710 01:20:07.849,1.1757600000000001,1.17579
EUR/USD,20180710 01:25:08.295,1.17571,1.1757600000000001
EUR/USD,20180710 01:30:09.381,1.17575,1.17581
EUR/USD,20180710 01:35:10.564,1.17594,1.17598
EUR/USD,20180710 01:40:11.330,1.17582,1.17587
EUR/USD,20180710 01:45:22.720,1.17562,1.17564
EUR/USD,20180710 01:50:23.204,1.1753200000000001,1.17535
EUR/USD,20180710 01:55:23.750,1.17503,1.17503
EUR/USD,20180710 02:00:25.012,1.17487,1.17489
EUR/USD,20180710 02:05:26.197,1.17467,1.17469
EUR/USD,20180710 02:10:42.415,1.17479,1.1748100000000001
EUR/USD,20180710 02:15:45.267,1.1748,1.1748399999999999
EUR/USD,20180710 02:20:47.565,1.17485,1.1749
EUR/USD,20180710 02:25:48.668,1.17503,1.17507
EUR/USD,20180710 02:30:48.786,1.17515,1.17517
EUR/USD,20180710 02:35:49.692,1.1750399999999999,1.17507
EUR/USD,20180710 02:40:50.873,1.1750200000000002,1.17505
EUR/USD,20180710 02:45:53.322,1.1753,1.17534
EUR/USD,20180710 02:50:53.764,1.17537,1.1754
EUR/USD,20180710 02:55:53.833,1.17543,1.17545
EUR/USD,20180710 03:00:54.821,1.1753200000000001,1.17534
EUR/USD,20180710 03:06:00.260,1.17535,1.1754200000000001
EUR/USD,20180710 03:11:04.631,1.17549,1.17554
EUR/USD,20180710 03:16:14.851,1.17526,1.1753
EUR/USD,20180710 03:21:18.162,1.17535,1.1753799999999999
EUR/USD,20180710 03:26:24.236,1.1755,1.17554
EUR/USD,20180710 03:31:26.307,1.1755200000000001,1.17554
EUR/USD,20180710 03:36:28.328,1.17521,1.17527
EUR/USD,20180710 03:41:34.863,1.17513,1.1752
EUR/USD,20180710 03:46:39.978,1.17492,1.17496
EUR/USD,20180710 03:51:51.338,1.1748,1.17485
EUR/USD,20180710 03:56:53.516,1.17476,1.1748
EUR/USD,20180710 04:01:57.132,1.17477,1.1748100000000001
EUR/USD,20180710 04:07:07.127,1.17476,1.1748100000000001
EUR/USD,20180710 04:12:12.967,1.17472,1.17475
EUR/USD,20180710 04:17:19.890,1.17472,1.17474
EUR/USD,20180710 04:22:19.987,1.17431,1.17434
EUR/USD,20180710 04:27:24.936,1.17424,1.17428
EUR/USD,20180710 04:32:30.716,1.17429,1.17434
EUR/USD,20180710 04:37:30.805,1.1743700000000001,1.17441
EUR/USD,20180710 04:42:36.013,1.17424,1.17431
EUR/USD,20180710 04:47:38.912,1.17429,1.17436
EUR/USD,20180710 04:52:57.443,1.17425,1.17431
EUR/USD,20180710 04:58:04.675,1.17422,1.17426
EUR/USD,20180710 05:03:06.587,1.17401,1.17404
EUR/USD,20180710 05:08:08.887,1.17413,1.1741700000000002
EUR/USD,20180710 05:13:08.974,1.17415,1.1742
EUR/USD,20180710 05:18:12.976,1.17412,1.17415
EUR/USD,20180710 05:23:13.065,1.17438,1.17441
EUR/USD,20180710 05:28:13.837,1.1742700000000001,1.17432
EUR/USD,20180710 05:33:13.959,1.17431,1.17435
EUR/USD,20180710 05:38:19.628,1.17395,1.1739700000000002
EUR/USD,20180710 05:43:20.863,1.17403,1.17406
EUR/USD,20180710 05:48:21.834,1.17408,1.17411
EUR/USD,20180710 05:53:28.151,1.1740000000000002,1.17404
EUR/USD,20180710 05:58:30.984,1.17393,1.17395
EUR/USD,20180710 06:03:31.245,1.17429,1.1743299999999999
EUR/USD,20180710 06:08:31.248,1.1742,1.1742299999999999
EUR/USD,20180710 06:13:38.999,1.17402,1.17406
EUR/USD,20180710 06:18:39.220,1.17371,1.17374
EUR/USD,20180710 06:23:40.012,1.17394,1.1739700000000002
EUR/USD,20180710 06:28:40.357,1.17363,1.17366
EUR/USD,20180710 06:33:41.963,1.1736,1.17363
EUR/USD,20180710 06:38:42.844,1.17415,1.17416
EUR/USD,20180710 06:43:42.945,1.17456,1.17458
EUR/USD,20180710 06:48:43.003,1.1743,1.17434
EUR/USD,20180710 06:53:50.542,1.17454,1.17458
EUR/USD,20180710 06:58:58.911,1.17466,1.17468
EUR/USD,20180710 07:04:00.190,1.17519,1.17523
EUR/USD,20180710 07:09:00.643,1.17475,1.17479
EUR/USD,20180710 07:14:01.467,1.1743299999999999,1.1743700000000001
EUR/USD,20180710 07:19:01.523,1.1745700000000001,1.17461
EUR/USD,20180710 07:24:01.593,1.1748,1.1748299999999998
EUR/USD,20180710 07:29:02.842,1.1752200000000002,1.17525
EUR/USD,20180710 07:34:07.574,1.1745700000000001,1.17459
EUR/USD,20180710 07:39:08.645,1.1744299999999999,1.1744700000000001
EUR/USD,20180710 07:44:08.903,1.1743700000000001,1.1744
EUR/USD,20180710 07:49:09.091,1.17418,1.17422
EUR/USD,20180710 07:54:10.798,1.17426,1.17428
EUR/USD,20180710 07:59:10.810,1.17448,1.1745
EUR/USD,20180710 08:04:12.432,1.1744700000000001,1.17451
EUR/USD,20180710 08:09:18.334,1.17438,1.17442
EUR/USD,20180710 08:14:18.521,1.17436,1.1744
EUR/USD,20180710 08:19:19.079,1.1744,1.1744299999999999
EUR/USD,20180710 08:24:26.742,1.17419,1.1742299999999999
EUR/USD,20180710 08:29:26.938,1.17412,1.17415
EUR/USD,20180710 08:34:26.945,1.17387,1.1739
EUR/USD,20180710 08:39:26.974,1.17305,1.17309
EUR/USD,20180710 08:44:27.069,1.1726,1.17265
EUR/USD,20180710 08:49:29.689,1.1728,1.1728399999999999
EUR/USD,20180710 08:54:30.144,1.17239,1.1724
EUR/USD,20180710 08:59:32.236,1.1727,1.17277
EUR/USD,20180710 09:04:33.187,1.17155,1.17157
EUR/USD,20180710 09:09:38.151,1.17181,1.17183
EUR/USD,20180710 09:14:40.142,1.1721,1.17214
EUR/USD,20180710 09:19:40.949,1.17177,1.17184
EUR/USD,20180710 09:24:41.669,1.17208,1.17212
EUR/USD,20180710 09:29:41.967,1.17213,1.17215
EUR/USD,20180710 09:34:42.153,1.17238,1.1724
EUR/USD,20180710 09:39:44.376,1.17219,1.1722299999999999
EUR/USD,20180710 09:44:44.917,1.1722700000000001,1.1723
EUR/USD,20180710 09:49:47.963,1.17221,1.1722299999999999
EUR/USD,20180710 09:54:48.461,1.17172,1.1717600000000001
EUR/USD,20180710 09:59:53.822,1.1721700000000002,1.1722
EUR/USD,20180710 10:04:56.970,1.17202,1.17204
EUR/USD,20180710 10:09:57.547,1.1725,1.17254
EUR/USD,20180710 10:14:58.595,1.17249,1.17251
EUR/USD,20180710 10:20:00.147,1.17241,1.17244
EUR/USD,20180710 10:25:05.998,1.17213,1.17214
EUR/USD,20180710 10:30:06.954,1.17228,1.1723
EUR/USD,20180710 10:35:07.875,1.17183,1.17185
EUR/USD,20180710 10:40:08.204,1.17162,1.17165
EUR/USD,20180710 10:45:08.592,1.17162,1.17164
EUR/USD,20180710 10:50:08.628,1.1716,1.17162
EUR/USD,20180710 10:55:09.322,1.17064,1.17068
EUR/USD,20180710 11:00:09.800,1.17034,1.1703700000000001
EUR/USD,20180710 11:05:10.334,1.17006,1.1701
EUR/USD,20180710 11:10:10.657,1.16917,1.1692
EUR/USD,20180710 11:15:16.266,1.16961,1.16965
EUR/USD,20180710 11:20:16.663,1.16969,1.16972
EUR/USD,20180710 11:25:17.960,1.1698,1.16984
EUR/USD,20180710 11:30:21.389,1.1702299999999999,1.17025
EUR/USD,20180710 11:35:22.177,1.1704700000000001,1.17052
EUR/USD,20180710 11:40:25.216,1.17057,1.17061
EUR/USD,20180710 11:45:25.514,1.17088,1.1709200000000002
EUR/USD,20180710 11:50:26.734,1.17077,1.1708100000000001
EUR/USD,20180710 11:55:27.162,1.17083,1.17086
EUR/USD,20180710 12:00:27.300,1.17034,1.17038
EUR/USD,20180710 12:05:29.841,1.17077,1.17078
EUR/USD,20180710 12:10:31.363,1.1711200000000002,1.17116
EUR/USD,20180710 12:15:32.483,1.17124,1.17127
EUR/USD,20180710 12:20:32.881,1.1711799999999999,1.1712200000000001
EUR/USD,20180710 12:25:34.171,1.17048,1.1705
EUR/USD,20180710 12:30:39.334,1.16993,1.1699700000000002
EUR/USD,20180710 12:35:39.520,1.17061,1.17065
EUR/USD,20180710 12:40:42.949,1.17105,1.17107
EUR/USD,20180710 12:45:43.231,1.1717799999999998,1.17181
EUR/USD,20180710 12:50:44.577,1.17144,1.17147
EUR/USD,20180710 12:55:44.596,1.17177,1.17181
EUR/USD,20180710 13:00:45.653,1.17143,1.17147
EUR/USD,20180710 13:05:50.569,1.17155,1.17159
EUR/USD,20180710 13:10:56.250,1.17184,1.17187
EUR/USD,20180710 13:15:56.718,1.17162,1.17167
EUR/USD,20180710 13:20:56.741,1.17136,1.17139
EUR/USD,20180710 13:25:57.669,1.17143,1.17147
EUR/USD,20180710 13:30:59.280,1.17153,1.17157
EUR/USD,20180710 13:35:59.402,1.17149,1.17151
EUR/USD,20180710 13:41:05.001,1.17121,1.17124
EUR/USD,20180710 13:46:05.020,1.1709,1.17093
EUR/USD,20180710 13:51:05.436,1.1711799999999999,1.17121
EUR/USD,20180710 13:56:05.925,1.17149,1.17153
EUR/USD,20180710 14:01:05.925,1.17064,1.17068
EUR/USD,20180710 14:06:06.017,1.17052,1.17054
EUR/USD,20180710 14:11:07.996,1.17137,1.17141
EUR/USD,20180710 14:16:08.013,1.1715,1.1715200000000001
EUR/USD,20180710 14:21:08.292,1.1711200000000002,1.17113
EUR/USD,20180710 14:26:08.578,1.17106,1.17108
EUR/USD,20180710 14:31:10.015,1.1708399999999999,1.17088
EUR/USD,20180710 14:36:10.851,1.1707100000000001,1.17074
EUR/USD,20180710 14:41:11.485,1.1708399999999999,1.17089
EUR/USD,20180710 14:46:12.998,1.17139,1.17141
EUR/USD,20180710 14:51:13.011,1.17157,1.1716
EUR/USD,20180710 14:56:13.020,1.1722,1.17224
EUR/USD,20180710 15:01:14.114,1.17198,1.172
EUR/USD,20180710 15:06:15.455,1.17208,1.17211
EUR/USD,20180710 15:11:22.733,1.17214,1.17218
EUR/USD,20180710 15:16:22.763,1.17254,1.1725700000000001
EUR/USD,20180710 15:21:23.539,1.1727299999999998,1.17276
EUR/USD,20180710 15:26:26.771,1.1728,1.17282
EUR/USD,20180710 15:31:33.664,1.1730399999999999,1.17306
EUR/USD,20180710 15:36:41.361,1.17307,1.17309
EUR/USD,20180710 15:41:47.275,1.17319,1.17323
EUR/USD,20180710 15:46:47.279,1.1734,1.17343
EUR/USD,20180710 15:51:51.198,1.17314,1.17318
EUR/USD,20180710 15:56:52.935,1.17326,1.17329
EUR/USD,20180710 16:01:52.977,1.17224,1.17226
EUR/USD,20180710 16:06:56.516,1.17269,1.17272
EUR/USD,20180710 16:11:59.462,1.173,1.1730200000000002
EUR/USD,20180710 16:17:00.077,1.17307,1.1731200000000002
EUR/USD,20180710 16:22:00.118,1.17287,1.17289
EUR/USD,20180710 16:27:02.561,1.17285,1.1729
EUR/USD,20180710 16:32:05.507,1.17346,1.17349
EUR/USD,20180710 16:37:07.693,1.17357,1.17361
EUR/USD,20180710 16:42:12.279,1.17346,1.17349
EUR/USD,20180710 16:47:16.331,1.17344,1.1734799999999999
EUR/USD,20180710 16:52:19.466,1.17355,1.1735799999999998
EUR/USD,20180710 16:57:20.210,1.17323,1.17327
EUR/USD,20180710 17:02:20.941,1.17359,1.17362
EUR/USD,20180710 17:07:23.630,1.1734,1.17344
EUR/USD,20180710 17:12:26.580,1.17327,1.1733
EUR/USD,20180710 17:17:27.742,1.1734200000000001,1.17345
EUR/USD,20180710 17:22:27.775,1.17365,1.1736799999999998
EUR/USD,20180710 17:27:30.770,1.17359,1.17363
EUR/USD,20180710 17:32:31.111,1.17382,1.17385
EUR/USD,20180710 17:37:31.928,1.1743,1.1743299999999999
EUR/USD,20180710 17:42:33.341,1.17429,1.1743
EUR/USD,20180710 17:47:33.752,1.1741700000000002,1.17422
EUR/USD,20180710 17:52:40.953,1.1742299999999999,1.1742700000000001
EUR/USD,20180710 17:57:45.311,1.17446,1.17448
EUR/USD,20180710 18:02:48.297,1.17474,1.17477
EUR/USD,20180710 18:07:49.117,1.17476,1.17478
EUR/USD,20180710 18:12:49.939,1.1744,1.17444
EUR/USD,20180710 18:17:56.723,1.1743,1.17434
EUR/USD,20180710 18:22:57.832,1.1741,1.17413
EUR/USD,20180710 18:28:01.083,1.17444,1.1745
EUR/USD,20180710 18:33:06.637,1.1742700000000001,1.17431
EUR/USD,20180710 18:38:07.039,1.1744,1.1744299999999999
EUR/USD,20180710 18:43:13.930,1.1743299999999999,1.17439
EUR/USD,20180710 18:48:14.373,1.1744299999999999,1.17451
EUR/USD,20180710 18:53:22.081,1.1744,1.17444
EUR/USD,20180710 18:58:22.838,1.17444,1.17448
EUR/USD,20180710 19:03:23.742,1.1744299999999999,1.17446
EUR/USD,20180710 19:08:23.787,1.1744700000000001,1.1745299999999999
EUR/USD,20180710 19:13:24.343,1.17469,1.1747100000000001
EUR/USD,20180710 19:18:32.645,1.17477,1.1748299999999998
EUR/USD,20180710 19:23:37.466,1.17472,1.17475
EUR/USD,20180710 19:28:41.601,1.17477,1.17485
EUR/USD,20180710 19:33:47.645,1.17462,1.17466
EUR/USD,20180710 19:39:02.356,1.17441,1.17445
EUR/USD,20180710 19:44:05.602,1.17444,1.17451
EUR/USD,20180710 19:49:05.723,1.1745700000000001,1.1746299999999998
EUR/USD,20180710 19:54:05.929,1.17455,1.17458
EUR/USD,20180710 19:59:10.002,1.1746,1.17464
EUR/USD,20180710 20:04:10.245,1.17456,1.17461
EUR/USD,20180710 20:09:10.879,1.17454,1.17458
EUR/USD,20180710 20:14:21.596,1.17455,1.17461
EUR/USD,20180710 20:19:31.558,1.1745,1.17454
EUR/USD,20180710 20:24:32.789,1.1745,1.17454
EUR/USD,20180710 20:29:33.053,1.1747,1.17475
EUR/USD,20180710 20:34:45.948,1.17464,1.1747
EUR/USD,20180710 20:39:51.229,1.17472,1.17478
EUR/USD,20180710 20:44:53.827,1.17488,1.17493
EUR/USD,20180710 20:50:00.204,1.1748100000000001,1.17487
EUR/USD,20180710 20:55:00.434,1.17455,1.1746
EUR/USD,20180710 21:00:51.631,1.1743299999999999,1.17452
EUR/USD,20180710 21:05:53.237,1.17405,1.17456
EUR/USD,20180710 21:10:54.368,1.1742299999999999,1.1748100000000001
EUR/USD,20180710 21:15:58.063,1.17395,1.17421
EUR/USD,20180710 21:21:00.633,1.17393,1.17401
EUR/USD,20180710 21:26:08.493,1.17377,1.17392
EUR/USD,20180710 21:31:11.231,1.17374,1.1739700000000002
