EUR/USD,20180902 21:03:35.201,1.15927,1.16058
EUR/USD,20180902 21:08:43.070,1.15945,1.15991
EUR/USD,20180902 21:14:22.277,1.15949,1.15992
EUR/USD,20180902 21:19:35.511,1.1594799999999998,1.1597899999999999
EUR/USD,20180902 21:26:23.298,1.1595,1.15983
EUR/USD,20180902 21:31:46.355,1.15941,1.15971
EUR/USD,20180902 21:37:19.903,1.15951,1.1598
EUR/USD,20180902 21:42:31.376,1.15955,1.1598700000000002
EUR/USD,20180902 21:47:35.883,1.15935,1.1597899999999999
EUR/USD,20180902 21:53:19.219,1.15946,1.15994
EUR/USD,20180902 22:00:00.087,1.15944,1.15993
EUR/USD,20180902 22:05:14.130,1.15952,1.1597899999999999
EUR/USD,20180902 22:10:17.973,1.1596600000000001,1.1598
EUR/USD,20180902 22:15:18.193,1.15992,1.16002
EUR/USD,20180902 22:20:19.308,1.16003,1.16018
EUR/USD,20180902 22:25:25.908,1.1599700000000002,1.16005
EUR/USD,20180902 22:30:29.240,1.1598700000000002,1.15998
EUR/USD,20180902 22:35:32.183,1.16005,1.16008
EUR/USD,20180902 22:40:32.921,1.1599700000000002,1.16002
EUR/USD,20180902 22:45:35.863,1.15992,1.15998
EUR/USD,20180902 22:50:35.911,1.1599,1.15995
EUR/USD,20180902 22:55:52.978,1.15967,1.15974
EUR/USD,20180902 23:00:53.339,1.15975,1.15981
EUR/USD,20180902 23:06:00.127,1.15981,1.15988
EUR/USD,20180902 23:11:08.941,1.15982,1.15988
EUR/USD,20180902 23:16:09.088,1.1597600000000001,1.15983
EUR/USD,20180902 23:21:09.433,1.15947,1.15951
EUR/USD,20180902 23:26:13.336,1.15946,1.15952
EUR/USD,20180902 23:31:47.570,1.1595799999999998,1.15963
EUR/USD,20180902 23:36:50.116,1.15939,1.1594200000000001
EUR/USD,20180902 23:41:53.426,1.15933,1.1593799999999999
EUR/USD,20180902 23:46:54.046,1.1596899999999999,1.15973
EUR/USD,20180902 23:51:55.852,1.15963,1.1596799999999998
EUR/USD,20180902 23:57:00.186,1.15992,1.1599700000000002
EUR/USD,20180903 00:02:00.940,1.15967,1.15972
EUR/USD,20180903 00:07:11.016,1.15972,1.15974
EUR/USD,20180903 00:12:11.109,1.15981,1.15985
EUR/USD,20180903 00:17:11.522,1.15991,1.15996
EUR/USD,20180903 00:22:21.070,1.15995,1.1599899999999999
EUR/USD,20180903 00:27:42.992,1.16018,1.16022
EUR/USD,20180903 00:32:43.113,1.16025,1.16028
EUR/USD,20180903 00:37:47.228,1.16012,1.16015
EUR/USD,20180903 00:42:47.415,1.15978,1.15983
EUR/USD,20180903 00:47:49.141,1.15971,1.15974
EUR/USD,20180903 00:52:50.785,1.1594,1.15946
EUR/USD,20180903 00:57:56.556,1.15943,1.15949
EUR/USD,20180903 01:02:58.947,1.15951,1.15953
EUR/USD,20180903 01:07:59.744,1.15915,1.15917
EUR/USD,20180903 01:13:01.178,1.15925,1.1592799999999999
EUR/USD,20180903 01:18:10.662,1.15927,1.1593200000000001
EUR/USD,20180903 01:23:13.957,1.15947,1.15949
EUR/USD,20180903 01:28:17.216,1.15946,1.1595
EUR/USD,20180903 01:33:20.036,1.1590799999999999,1.15911
EUR/USD,20180903 01:38:20.069,1.15944,1.15946
EUR/USD,20180903 01:43:21.036,1.1599700000000002,1.16
EUR/USD,20180903 01:48:22.374,1.15977,1.1597899999999999
EUR/USD,20180903 01:53:25.734,1.1595799999999998,1.15961
EUR/USD,20180903 01:58:36.973,1.15973,1.15978
EUR/USD,20180903 02:03:42.152,1.15946,1.1595
EUR/USD,20180903 02:08:45.683,1.1594,1.1594200000000001
EUR/USD,20180903 02:13:45.978,1.1596799999999998,1.15972
EUR/USD,20180903 02:18:47.775,1.15984,1.1598600000000001
EUR/USD,20180903 02:23:47.862,1.15992,1.15995
EUR/USD,20180903 02:28:55.046,1.15998,1.16003
EUR/USD,20180903 02:33:58.290,1.15998,1.16003
EUR/USD,20180903 02:39:06.934,1.1595600000000001,1.15962
EUR/USD,20180903 02:44:09.782,1.15977,1.15982
EUR/USD,20180903 02:49:10.897,1.15978,1.15982
EUR/USD,20180903 02:54:20.118,1.15981,1.15984
EUR/USD,20180903 02:59:20.300,1.15974,1.15978
EUR/USD,20180903 03:04:25.988,1.15971,1.15974
EUR/USD,20180903 03:09:29.477,1.15967,1.15971
EUR/USD,20180903 03:14:31.684,1.15983,1.1598700000000002
EUR/USD,20180903 03:19:35.127,1.15974,1.1597600000000001
EUR/USD,20180903 03:24:35.755,1.15977,1.1598
EUR/USD,20180903 03:29:36.815,1.15967,1.15971
EUR/USD,20180903 03:34:37.865,1.15982,1.1598600000000001
EUR/USD,20180903 03:39:39.713,1.15978,1.15982
EUR/USD,20180903 03:44:44.259,1.1601299999999999,1.1601700000000001
EUR/USD,20180903 03:49:53.248,1.1601299999999999,1.16019
EUR/USD,20180903 03:54:54.839,1.1599899999999999,1.16002
EUR/USD,20180903 03:59:59.701,1.1598600000000001,1.15988
EUR/USD,20180903 04:05:06.093,1.15982,1.1598899999999999
EUR/USD,20180903 04:10:18.334,1.1598700000000002,1.1599
EUR/USD,20180903 04:15:26.851,1.1598700000000002,1.15993
EUR/USD,20180903 04:20:28.486,1.16002,1.16005
EUR/USD,20180903 04:25:28.654,1.16024,1.1602700000000001
EUR/USD,20180903 04:30:31.630,1.1602700000000001,1.1603299999999999
EUR/USD,20180903 04:35:35.778,1.16032,1.16039
EUR/USD,20180903 04:40:36.094,1.16028,1.1603
EUR/USD,20180903 04:45:36.807,1.16026,1.1603
EUR/USD,20180903 04:50:39.002,1.16028,1.16034
EUR/USD,20180903 04:55:51.308,1.1603700000000001,1.16042
EUR/USD,20180903 05:00:52.132,1.16056,1.1606
EUR/USD,20180903 05:06:00.545,1.1607,1.1607399999999999
EUR/USD,20180903 05:11:00.546,1.16093,1.16099
EUR/USD,20180903 05:16:01.005,1.16088,1.1609200000000002
EUR/USD,20180903 05:21:02.349,1.1607399999999999,1.16078
EUR/USD,20180903 05:26:04.674,1.1608100000000001,1.16085
EUR/USD,20180903 05:31:09.160,1.16107,1.16109
EUR/USD,20180903 05:36:15.969,1.16107,1.16111
EUR/USD,20180903 05:41:20.223,1.1611799999999999,1.1612
EUR/USD,20180903 05:46:23.021,1.16106,1.1611200000000002
EUR/USD,20180903 05:51:24.561,1.1611799999999999,1.1612
EUR/USD,20180903 05:56:26.566,1.16124,1.16129
EUR/USD,20180903 06:01:26.990,1.16137,1.1614
EUR/USD,20180903 06:06:29.144,1.16133,1.16136
EUR/USD,20180903 06:11:30.491,1.16126,1.1613200000000001
EUR/USD,20180903 06:16:31.065,1.16104,1.16107
EUR/USD,20180903 06:21:31.489,1.16079,1.16083
EUR/USD,20180903 06:26:33.356,1.16085,1.16087
EUR/USD,20180903 06:31:33.722,1.16048,1.16052
EUR/USD,20180903 06:36:37.471,1.1607,1.1607299999999998
EUR/USD,20180903 06:41:37.943,1.16077,1.16082
EUR/USD,20180903 06:46:44.061,1.1609200000000002,1.16097
EUR/USD,20180903 06:51:53.454,1.1609200000000002,1.16095
EUR/USD,20180903 06:56:54.375,1.1604299999999999,1.16046
EUR/USD,20180903 07:01:54.492,1.1606299999999998,1.16066
EUR/USD,20180903 07:06:54.587,1.15957,1.1596
EUR/USD,20180903 07:11:54.969,1.15957,1.15961
EUR/USD,20180903 07:16:56.784,1.15936,1.1594
EUR/USD,20180903 07:21:57.147,1.1597899999999999,1.15982
EUR/USD,20180903 07:26:59.099,1.15965,1.1596899999999999
EUR/USD,20180903 07:31:59.417,1.1607100000000001,1.1607399999999999
EUR/USD,20180903 07:37:00.272,1.16163,1.16167
EUR/USD,20180903 07:42:00.323,1.16229,1.1623299999999999
EUR/USD,20180903 07:47:00.946,1.16173,1.1617600000000001
EUR/USD,20180903 07:52:01.071,1.1614200000000001,1.16144
EUR/USD,20180903 07:57:01.140,1.16105,1.16109
EUR/USD,20180903 08:02:02.203,1.16099,1.1610200000000002
EUR/USD,20180903 08:07:04.499,1.16101,1.16105
EUR/USD,20180903 08:12:04.594,1.16178,1.16181
EUR/USD,20180903 08:17:08.410,1.16188,1.1619
EUR/USD,20180903 08:22:13.053,1.16155,1.1616
EUR/USD,20180903 08:27:13.242,1.16157,1.16162
EUR/USD,20180903 08:32:13.276,1.16153,1.16157
EUR/USD,20180903 08:37:13.424,1.1614,1.16143
EUR/USD,20180903 08:42:13.449,1.1611200000000002,1.16115
EUR/USD,20180903 08:47:16.116,1.16124,1.16127
EUR/USD,20180903 08:52:18.781,1.16136,1.1614
EUR/USD,20180903 08:57:18.791,1.16086,1.16088
EUR/USD,20180903 09:02:19.541,1.16126,1.16129
EUR/USD,20180903 09:07:19.736,1.16108,1.16111
EUR/USD,20180903 09:12:23.991,1.16093,1.16098
EUR/USD,20180903 09:17:24.222,1.16105,1.16107
EUR/USD,20180903 09:22:29.535,1.16108,1.1611200000000002
EUR/USD,20180903 09:27:30.896,1.1607399999999999,1.16077
EUR/USD,20180903 09:32:31.866,1.16021,1.16025
EUR/USD,20180903 09:37:35.596,1.16029,1.16031
EUR/USD,20180903 09:42:36.689,1.1601299999999999,1.1601700000000001
EUR/USD,20180903 09:47:37.006,1.16034,1.1603700000000001
EUR/USD,20180903 09:52:42.971,1.16041,1.16044
EUR/USD,20180903 09:57:43.134,1.16011,1.16014
EUR/USD,20180903 10:02:43.257,1.15963,1.15965
EUR/USD,20180903 10:07:48.157,1.16032,1.16035
EUR/USD,20180903 10:12:54.447,1.16015,1.1601700000000001
EUR/USD,20180903 10:17:54.483,1.16048,1.16051
EUR/USD,20180903 10:22:54.817,1.1607299999999998,1.16077
EUR/USD,20180903 10:27:57.782,1.16066,1.1607
EUR/USD,20180903 10:32:58.655,1.16095,1.16098
EUR/USD,20180903 10:37:58.703,1.16135,1.16137
EUR/USD,20180903 10:42:59.587,1.16129,1.16135
EUR/USD,20180903 10:48:01.750,1.16134,1.1613799999999999
EUR/USD,20180903 10:53:03.085,1.16146,1.16149
EUR/USD,20180903 10:58:05.807,1.16154,1.16157
EUR/USD,20180903 11:03:09.502,1.16141,1.1614799999999998
EUR/USD,20180903 11:08:09.754,1.16154,1.16157
EUR/USD,20180903 11:13:10.962,1.16141,1.16144
EUR/USD,20180903 11:18:11.147,1.1615799999999998,1.1616
EUR/USD,20180903 11:23:11.149,1.1612799999999999,1.16131
EUR/USD,20180903 11:28:12.378,1.16145,1.1614799999999998
EUR/USD,20180903 11:33:15.322,1.1614200000000001,1.16145
EUR/USD,20180903 11:38:15.422,1.16183,1.1618700000000002
EUR/USD,20180903 11:43:15.924,1.1618899999999999,1.16192
EUR/USD,20180903 11:48:15.980,1.16163,1.16167
EUR/USD,20180903 11:53:18.820,1.16143,1.16146
EUR/USD,20180903 11:58:20.078,1.1610200000000002,1.16105
EUR/USD,20180903 12:03:20.259,1.1612,1.16123
EUR/USD,20180903 12:08:22.210,1.16105,1.16107
EUR/USD,20180903 12:13:22.307,1.16062,1.16066
EUR/USD,20180903 12:18:25.331,1.16103,1.16105
EUR/USD,20180903 12:23:25.369,1.16119,1.16123
EUR/USD,20180903 12:28:25.608,1.16124,1.1612799999999999
EUR/USD,20180903 12:33:26.088,1.16111,1.16114
EUR/USD,20180903 12:38:28.084,1.16117,1.16119
EUR/USD,20180903 12:43:28.352,1.16152,1.16156
EUR/USD,20180903 12:48:29.788,1.16121,1.16125
EUR/USD,20180903 12:53:31.002,1.16108,1.1611200000000002
EUR/USD,20180903 12:58:34.633,1.1605299999999998,1.16056
EUR/USD,20180903 13:03:35.647,1.1606100000000001,1.1606299999999998
EUR/USD,20180903 13:08:36.783,1.16058,1.1606
EUR/USD,20180903 13:13:41.833,1.16096,1.16099
EUR/USD,20180903 13:18:42.198,1.1611799999999999,1.1612200000000001
EUR/USD,20180903 13:23:45.279,1.16125,1.16129
EUR/USD,20180903 13:28:48.018,1.16129,1.1613
EUR/USD,20180903 13:33:49.043,1.16116,1.16119
EUR/USD,20180903 13:38:52.089,1.1612,1.1612200000000001
EUR/USD,20180903 13:43:52.228,1.16095,1.16097
EUR/USD,20180903 13:48:54.983,1.1608399999999999,1.16087
EUR/USD,20180903 13:53:58.841,1.16108,1.1611200000000002
EUR/USD,20180903 13:59:05.131,1.1610200000000002,1.16107
EUR/USD,20180903 14:04:08.568,1.16108,1.1611
EUR/USD,20180903 14:09:18.269,1.16106,1.1611
EUR/USD,20180903 14:14:20.130,1.1613799999999999,1.16143
EUR/USD,20180903 14:19:25.585,1.16113,1.1611799999999999
EUR/USD,20180903 14:24:29.110,1.16106,1.16109
EUR/USD,20180903 14:29:30.846,1.1611200000000002,1.16115
EUR/USD,20180903 14:34:31.766,1.1617600000000001,1.16181
EUR/USD,20180903 14:39:34.258,1.16204,1.16205
EUR/USD,20180903 14:44:34.577,1.16209,1.16212
EUR/USD,20180903 14:49:38.720,1.16215,1.1621700000000001
EUR/USD,20180903 14:54:40.029,1.16212,1.16215
EUR/USD,20180903 14:59:41.191,1.16268,1.16272
EUR/USD,20180903 15:04:44.189,1.16235,1.1624
EUR/USD,20180903 15:09:51.629,1.16185,1.1619
EUR/USD,20180903 15:14:51.697,1.16194,1.1619700000000002
EUR/USD,20180903 15:19:53.211,1.16225,1.16228
EUR/USD,20180903 15:24:53.610,1.16218,1.16221
EUR/USD,20180903 15:29:54.254,1.16218,1.1622299999999999
EUR/USD,20180903 15:35:00.103,1.16214,1.16216
EUR/USD,20180903 15:40:06.273,1.1622,1.16224
EUR/USD,20180903 15:45:08.758,1.16214,1.16218
EUR/USD,20180903 15:50:11.901,1.16202,1.1620700000000002
EUR/USD,20180903 15:55:13.402,1.16185,1.1619
EUR/USD,20180903 16:00:13.994,1.1619,1.16192
EUR/USD,20180903 16:05:15.200,1.16183,1.1618600000000001
EUR/USD,20180903 16:10:15.252,1.16175,1.1618
EUR/USD,20180903 16:15:15.810,1.16165,1.16172
EUR/USD,20180903 16:20:19.067,1.1615,1.16154
EUR/USD,20180903 16:25:26.179,1.16174,1.16178
EUR/USD,20180903 16:30:30.722,1.1617,1.1617600000000001
EUR/USD,20180903 16:35:34.257,1.16173,1.1617600000000001
EUR/USD,20180903 16:40:48.619,1.162,1.16205
EUR/USD,20180903 16:45:59.037,1.16203,1.16206
EUR/USD,20180903 16:51:00.178,1.16208,1.1621
EUR/USD,20180903 16:56:06.336,1.16212,1.16216
EUR/USD,20180903 17:01:08.962,1.16162,1.1617
EUR/USD,20180903 17:06:19.033,1.16174,1.16178
EUR/USD,20180903 17:11:40.330,1.16184,1.1618899999999999
EUR/USD,20180903 17:17:03.277,1.16188,1.16192
EUR/USD,20180903 17:22:45.927,1.16203,1.1620700000000002
EUR/USD,20180903 17:27:50.977,1.16173,1.16183
EUR/USD,20180903 17:33:06.776,1.16193,1.16198
EUR/USD,20180903 17:38:29.919,1.16188,1.16194
EUR/USD,20180903 17:43:34.286,1.16191,1.16196
EUR/USD,20180903 17:48:37.715,1.16188,1.16191
EUR/USD,20180903 17:53:38.311,1.16184,1.1619700000000002
EUR/USD,20180903 17:58:38.913,1.16184,1.16192
EUR/USD,20180903 18:03:44.209,1.16184,1.16193
EUR/USD,20180903 18:09:33.403,1.16184,1.1619
EUR/USD,20180903 18:14:44.883,1.1618700000000002,1.16195
EUR/USD,20180903 18:20:03.174,1.16188,1.16194
EUR/USD,20180903 18:25:04.541,1.16188,1.16196
EUR/USD,20180903 18:30:04.799,1.16192,1.16198
EUR/USD,20180903 18:35:04.802,1.16182,1.1618899999999999
EUR/USD,20180903 18:40:14.204,1.1617899999999999,1.16188
EUR/USD,20180903 18:45:16.108,1.16174,1.16181
EUR/USD,20180903 18:50:20.018,1.1617,1.16175
EUR/USD,20180903 18:55:23.774,1.1617899999999999,1.1618600000000001
EUR/USD,20180903 19:00:24.115,1.1617899999999999,1.16185
EUR/USD,20180903 19:05:33.256,1.16172,1.1618
EUR/USD,20180903 19:10:33.693,1.1616799999999998,1.16177
EUR/USD,20180903 19:15:34.191,1.16174,1.16175
EUR/USD,20180903 19:20:41.675,1.1617,1.1618
EUR/USD,20180903 19:25:43.063,1.16175,1.1618
EUR/USD,20180903 19:30:44.350,1.16174,1.16181
EUR/USD,20180903 19:35:49.774,1.16172,1.16182
EUR/USD,20180903 19:40:49.850,1.1617600000000001,1.16185
EUR/USD,20180903 19:45:54.865,1.16174,1.16181
EUR/USD,20180903 19:50:57.608,1.16172,1.1617899999999999
EUR/USD,20180903 19:55:57.952,1.1616600000000001,1.16173
EUR/USD,20180903 20:00:59.197,1.16155,1.16164
EUR/USD,20180903 20:06:01.079,1.16163,1.1617
EUR/USD,20180903 20:11:02.472,1.16167,1.16173
EUR/USD,20180903 20:16:03.113,1.16155,1.16163
EUR/USD,20180903 20:21:08.538,1.16154,1.16171
EUR/USD,20180903 20:26:16.262,1.16167,1.1617600000000001
EUR/USD,20180903 20:31:28.150,1.16165,1.1618
EUR/USD,20180903 20:36:28.253,1.16165,1.16175
EUR/USD,20180903 20:41:30.858,1.16165,1.16174
EUR/USD,20180903 20:46:44.789,1.16167,1.16178
EUR/USD,20180903 20:51:53.202,1.16167,1.16174
EUR/USD,20180903 20:58:08.512,1.1617,1.16177
EUR/USD,20180903 21:03:08.652,1.1618899999999999,1.16225
EUR/USD,20180903 21:08:57.982,1.16163,1.16181
EUR/USD,20180903 21:14:58.048,1.16157,1.16196
EUR/USD,20180903 21:25:10.026,1.16167,1.16181
EUR/USD,20180903 21:30:12.601,1.16165,1.1618899999999999
EUR/USD,20180903 21:35:16.599,1.1616600000000001,1.16178
EUR/USD,20180903 21:40:16.941,1.16133,1.16149
EUR/USD,20180903 21:45:17.388,1.16143,1.1615799999999998
EUR/USD,20180903 21:50:19.599,1.16151,1.16173
EUR/USD,20180903 21:55:19.936,1.16136,1.16152
EUR/USD,20180903 22:00:19.958,1.16173,1.1618
EUR/USD,20180903 22:05:20.256,1.16153,1.1615799999999998
EUR/USD,20180903 22:10:27.368,1.16153,1.16159
EUR/USD,20180903 22:15:29.879,1.16154,1.1616
EUR/USD,20180903 22:20:35.360,1.16152,1.16157
EUR/USD,20180903 22:25:40.902,1.1615799999999998,1.16164
EUR/USD,20180903 22:30:55.744,1.16153,1.16161
EUR/USD,20180903 22:36:00.500,1.16163,1.1616799999999998
EUR/USD,20180903 22:41:02.148,1.16167,1.16173
EUR/USD,20180903 22:46:03.509,1.1615799999999998,1.16165
EUR/USD,20180903 22:51:12.240,1.16164,1.16171
EUR/USD,20180903 22:58:16.536,1.16164,1.16171
EUR/USD,20180903 23:03:36.667,1.16171,1.16177
EUR/USD,20180903 23:08:41.233,1.16172,1.1617600000000001
EUR/USD,20180903 23:13:44.157,1.1617,1.16175
EUR/USD,20180903 23:18:59.446,1.1616600000000001,1.1617
EUR/USD,20180903 23:24:18.919,1.1616600000000001,1.16169
EUR/USD,20180903 23:29:28.377,1.16169,1.16172
EUR/USD,20180903 23:34:39.308,1.16163,1.1616799999999998
EUR/USD,20180903 23:39:40.692,1.16163,1.16169
EUR/USD,20180903 23:44:51.804,1.1615,1.16154
EUR/USD,20180903 23:49:55.883,1.16159,1.16165
EUR/USD,20180903 23:55:02.019,1.1614799999999998,1.1615799999999998
EUR/USD,20180904 00:00:03.109,1.1614,1.16143
EUR/USD,20180904 00:05:07.709,1.16136,1.1613799999999999
EUR/USD,20180904 00:10:16.022,1.1612,1.16125
EUR/USD,20180904 00:15:19.427,1.1612799999999999,1.16131
EUR/USD,20180904 00:20:24.125,1.16097,1.16099
EUR/USD,20180904 00:25:24.170,1.16083,1.16085
EUR/USD,20180904 00:30:24.856,1.16096,1.16099
EUR/USD,20180904 00:35:28.201,1.1607299999999998,1.16077
EUR/USD,20180904 00:40:29.170,1.1608399999999999,1.16089
EUR/USD,20180904 00:45:29.437,1.16093,1.16096
EUR/USD,20180904 00:50:30.487,1.1605,1.1605299999999998
EUR/USD,20180904 00:55:32.202,1.1603,1.1603299999999999
EUR/USD,20180904 01:00:35.793,1.16049,1.1605299999999998
EUR/USD,20180904 01:05:36.538,1.1602700000000001,1.16029
EUR/USD,20180904 01:10:36.721,1.15994,1.1599700000000002
EUR/USD,20180904 01:15:41.844,1.16,1.16002
EUR/USD,20180904 01:20:42.989,1.15975,1.15978
EUR/USD,20180904 01:25:47.192,1.15995,1.1599899999999999
EUR/USD,20180904 01:30:47.570,1.1596899999999999,1.15972
EUR/USD,20180904 01:35:53.252,1.15998,1.16004
EUR/USD,20180904 01:40:54.745,1.1602,1.16022
EUR/USD,20180904 01:45:55.113,1.16001,1.16003
EUR/USD,20180904 01:50:56.246,1.16025,1.16028
EUR/USD,20180904 01:55:58.011,1.1603700000000001,1.1604299999999999
EUR/USD,20180904 02:00:58.019,1.16012,1.1601700000000001
EUR/USD,20180904 02:05:59.133,1.1599,1.15995
EUR/USD,20180904 02:11:00.449,1.1601,1.16016
EUR/USD,20180904 02:16:00.552,1.16018,1.16022
EUR/USD,20180904 02:21:00.562,1.1599899999999999,1.16002
EUR/USD,20180904 02:26:01.919,1.16001,1.16005
EUR/USD,20180904 02:31:12.285,1.16003,1.16009
EUR/USD,20180904 02:36:18.554,1.1597899999999999,1.15983
EUR/USD,20180904 02:41:20.156,1.15961,1.15962
EUR/USD,20180904 02:46:25.998,1.15978,1.15982
EUR/USD,20180904 02:51:29.955,1.15981,1.15985
EUR/USD,20180904 02:56:33.607,1.15998,1.16
EUR/USD,20180904 03:01:40.579,1.1598700000000002,1.1599
EUR/USD,20180904 03:06:41.522,1.15988,1.15993
EUR/USD,20180904 03:11:53.562,1.15991,1.15993
EUR/USD,20180904 03:16:53.926,1.15994,1.15996
EUR/USD,20180904 03:21:56.077,1.15984,1.1598700000000002
EUR/USD,20180904 03:26:56.377,1.1598600000000001,1.15991
EUR/USD,20180904 03:32:00.206,1.1599899999999999,1.16002
EUR/USD,20180904 03:37:02.355,1.16,1.16005
EUR/USD,20180904 03:42:06.556,1.16006,1.16009
EUR/USD,20180904 03:47:25.432,1.16004,1.1601
EUR/USD,20180904 03:52:27.655,1.16004,1.16008
EUR/USD,20180904 03:57:30.461,1.16006,1.16008
EUR/USD,20180904 04:02:30.888,1.16006,1.16006
EUR/USD,20180904 04:07:31.568,1.15995,1.16
EUR/USD,20180904 04:12:35.744,1.1600700000000002,1.16011
EUR/USD,20180904 04:17:37.388,1.16014,1.16021
EUR/USD,20180904 04:22:52.086,1.16006,1.1601
EUR/USD,20180904 04:27:52.396,1.16,1.16002
EUR/USD,20180904 04:32:53.622,1.16025,1.16029
EUR/USD,20180904 04:37:54.542,1.16049,1.16054
EUR/USD,20180904 04:42:57.982,1.16039,1.16042
EUR/USD,20180904 04:47:58.284,1.1602,1.1602299999999999
EUR/USD,20180904 04:52:58.297,1.1603700000000001,1.16041
EUR/USD,20180904 04:58:01.786,1.16045,1.16049
EUR/USD,20180904 05:03:04.785,1.16036,1.16039
EUR/USD,20180904 05:08:04.822,1.16044,1.16046
EUR/USD,20180904 05:13:06.426,1.16028,1.16031
EUR/USD,20180904 05:18:06.473,1.16052,1.16055
EUR/USD,20180904 05:23:09.042,1.16065,1.16068
EUR/USD,20180904 05:28:12.778,1.16076,1.16079
EUR/USD,20180904 05:33:12.783,1.16087,1.16089
EUR/USD,20180904 05:38:15.687,1.16093,1.16096
EUR/USD,20180904 05:43:25.252,1.16083,1.16088
EUR/USD,20180904 05:48:26.316,1.1608,1.16082
EUR/USD,20180904 05:53:28.578,1.16064,1.16068
EUR/USD,20180904 05:58:40.515,1.16028,1.16034
EUR/USD,20180904 06:03:40.736,1.16024,1.1602700000000001
EUR/USD,20180904 06:08:41.652,1.16006,1.1601
EUR/USD,20180904 06:13:43.661,1.1597,1.15973
EUR/USD,20180904 06:18:47.934,1.1597899999999999,1.15985
EUR/USD,20180904 06:23:49.940,1.15936,1.15939
EUR/USD,20180904 06:28:49.957,1.15915,1.1591799999999999
EUR/USD,20180904 06:33:51.499,1.15838,1.1584
EUR/USD,20180904 06:38:51.548,1.15834,1.15838
EUR/USD,20180904 06:43:51.696,1.15784,1.15788
EUR/USD,20180904 06:48:52.003,1.15822,1.15826
EUR/USD,20180904 06:53:52.273,1.1577899999999999,1.15783
EUR/USD,20180904 06:58:52.291,1.15767,1.1576799999999998
EUR/USD,20180904 07:03:54.678,1.15775,1.15777
EUR/USD,20180904 07:08:59.030,1.15792,1.15794
EUR/USD,20180904 07:14:00.153,1.15812,1.15816
EUR/USD,20180904 07:19:00.186,1.1583299999999999,1.15836
EUR/USD,20180904 07:24:00.231,1.15835,1.15838
EUR/USD,20180904 07:29:00.848,1.15793,1.15796
EUR/USD,20180904 07:34:01.335,1.15749,1.15752
EUR/USD,20180904 07:39:03.386,1.1575600000000001,1.15761
EUR/USD,20180904 07:44:03.566,1.1574,1.1574200000000001
EUR/USD,20180904 07:49:05.006,1.1573799999999999,1.1574200000000001
EUR/USD,20180904 07:54:05.675,1.15741,1.15745
EUR/USD,20180904 07:59:08.986,1.15698,1.157
EUR/USD,20180904 08:04:10.531,1.15641,1.15646
EUR/USD,20180904 08:09:11.918,1.15667,1.1567100000000001
EUR/USD,20180904 08:14:12.023,1.15603,1.1560700000000002
EUR/USD,20180904 08:19:13.226,1.15641,1.15644
EUR/USD,20180904 08:24:13.693,1.1563299999999999,1.15636
EUR/USD,20180904 08:29:13.932,1.15662,1.15666
EUR/USD,20180904 08:34:14.028,1.15644,1.15647
EUR/USD,20180904 08:39:14.883,1.15672,1.1567399999999999
EUR/USD,20180904 08:44:15.862,1.15678,1.1568100000000001
EUR/USD,20180904 08:49:16.145,1.1565299999999998,1.15656
EUR/USD,20180904 08:54:18.208,1.1562299999999999,1.15626
EUR/USD,20180904 08:59:21.232,1.15658,1.1566100000000001
EUR/USD,20180904 09:04:23.189,1.15656,1.15662
EUR/USD,20180904 09:09:23.617,1.15614,1.15619
EUR/USD,20180904 09:14:25.983,1.15645,1.1565
EUR/USD,20180904 09:19:26.008,1.15582,1.15585
EUR/USD,20180904 09:24:26.118,1.15604,1.1560700000000002
EUR/USD,20180904 09:29:30.510,1.15616,1.15619
EUR/USD,20180904 09:34:33.887,1.15608,1.1561
EUR/USD,20180904 09:39:34.799,1.1562299999999999,1.15625
EUR/USD,20180904 09:44:36.156,1.15592,1.15594
EUR/USD,20180904 09:49:36.295,1.1564,1.15642
EUR/USD,20180904 09:54:37.555,1.15628,1.15631
EUR/USD,20180904 09:59:39.202,1.15571,1.15575
EUR/USD,20180904 10:04:40.034,1.15571,1.15575
EUR/USD,20180904 10:09:46.350,1.15608,1.15612
EUR/USD,20180904 10:14:50.712,1.15635,1.1563700000000001
EUR/USD,20180904 10:19:50.983,1.15622,1.15624
EUR/USD,20180904 10:24:52.738,1.15602,1.15606
EUR/USD,20180904 10:29:52.823,1.15531,1.15534
EUR/USD,20180904 10:34:53.669,1.15565,1.1556899999999999
EUR/USD,20180904 10:39:57.161,1.15571,1.1557600000000001
EUR/USD,20180904 10:44:59.082,1.1552799999999999,1.1553200000000001
EUR/USD,20180904 10:50:05.388,1.15567,1.15571
EUR/USD,20180904 10:55:08.507,1.1558899999999999,1.15593
EUR/USD,20180904 11:00:09.075,1.1560700000000002,1.1561
EUR/USD,20180904 11:05:11.217,1.15601,1.15604
EUR/USD,20180904 11:10:16.459,1.15581,1.15585
EUR/USD,20180904 11:15:16.911,1.1554799999999998,1.1555
EUR/USD,20180904 11:20:17.466,1.1557899999999999,1.15582
EUR/USD,20180904 11:25:19.027,1.15602,1.15605
EUR/USD,20180904 11:30:19.762,1.1557600000000001,1.1558
EUR/USD,20180904 11:35:20.089,1.15549,1.15551
EUR/USD,20180904 11:40:22.041,1.15571,1.15575
EUR/USD,20180904 11:45:22.406,1.15604,1.15608
EUR/USD,20180904 11:50:25.545,1.15642,1.15647
EUR/USD,20180904 11:55:25.836,1.15602,1.15605
EUR/USD,20180904 12:00:26.231,1.156,1.15604
EUR/USD,20180904 12:05:26.868,1.15585,1.15586
EUR/USD,20180904 12:10:30.792,1.15621,1.15625
EUR/USD,20180904 12:15:32.836,1.15612,1.15614
EUR/USD,20180904 12:20:32.939,1.15554,1.1555600000000001
EUR/USD,20180904 12:25:35.834,1.15614,1.1562
EUR/USD,20180904 12:30:36.227,1.1563700000000001,1.1564
EUR/USD,20180904 12:35:36.481,1.1566100000000001,1.15665
EUR/USD,20180904 12:40:36.750,1.1563,1.15632
EUR/USD,20180904 12:45:37.285,1.1568,1.1568200000000002
EUR/USD,20180904 12:50:37.321,1.15657,1.1566
EUR/USD,20180904 12:55:37.865,1.15677,1.1568
EUR/USD,20180904 13:00:37.920,1.1561299999999999,1.15614
EUR/USD,20180904 13:05:38.967,1.15562,1.15563
EUR/USD,20180904 13:10:39.366,1.15499,1.15503
EUR/USD,20180904 13:15:41.164,1.15506,1.15509
EUR/USD,20180904 13:20:41.880,1.15527,1.15531
EUR/USD,20180904 13:25:43.520,1.15526,1.15529
EUR/USD,20180904 13:30:43.944,1.1551200000000001,1.15515
EUR/USD,20180904 13:35:45.138,1.15543,1.15546
EUR/USD,20180904 13:40:46.682,1.15549,1.1555
EUR/USD,20180904 13:45:46.805,1.15543,1.15547
EUR/USD,20180904 13:50:47.688,1.15458,1.1546100000000001
EUR/USD,20180904 13:55:47.699,1.15486,1.15488
EUR/USD,20180904 14:00:48.128,1.15383,1.15384
EUR/USD,20180904 14:05:49.276,1.15355,1.15359
EUR/USD,20180904 14:10:50.143,1.1538,1.15383
EUR/USD,20180904 14:15:51.854,1.15357,1.15359
EUR/USD,20180904 14:20:51.857,1.15401,1.15404
EUR/USD,20180904 14:25:52.876,1.15418,1.15422
EUR/USD,20180904 14:30:53.366,1.1540700000000002,1.1541
EUR/USD,20180904 14:35:53.396,1.15386,1.1538700000000002
EUR/USD,20180904 14:40:54.114,1.15374,1.15378
EUR/USD,20180904 14:45:54.289,1.15411,1.15415
EUR/USD,20180904 14:50:54.411,1.155,1.15503
EUR/USD,20180904 14:55:54.890,1.15559,1.15563
EUR/USD,20180904 15:00:55.263,1.15546,1.15549
EUR/USD,20180904 15:05:55.964,1.15535,1.15539
EUR/USD,20180904 15:10:57.958,1.15564,1.15567
EUR/USD,20180904 15:15:59.444,1.15573,1.1557600000000001
EUR/USD,20180904 15:21:00.357,1.15539,1.1554200000000001
EUR/USD,20180904 15:26:02.731,1.1552799999999999,1.1553
EUR/USD,20180904 15:31:03.449,1.15541,1.15544
EUR/USD,20180904 15:36:03.621,1.15594,1.15596
EUR/USD,20180904 15:41:03.816,1.15646,1.15649
EUR/USD,20180904 15:46:04.425,1.1564299999999998,1.15645
EUR/USD,20180904 15:51:10.791,1.15664,1.15666
EUR/USD,20180904 15:56:11.022,1.1568100000000001,1.1568399999999999
EUR/USD,20180904 16:01:12.958,1.15654,1.15657
EUR/USD,20180904 16:06:13.564,1.15647,1.15651
EUR/USD,20180904 16:11:14.032,1.15672,1.1567399999999999
EUR/USD,20180904 16:16:14.156,1.15665,1.1567
EUR/USD,20180904 16:21:17.030,1.15667,1.1567
EUR/USD,20180904 16:26:18.665,1.15678,1.1568100000000001
EUR/USD,20180904 16:31:20.142,1.15734,1.1573799999999999
EUR/USD,20180904 16:36:22.958,1.15719,1.1572200000000001
EUR/USD,20180904 16:41:23.756,1.15792,1.15795
EUR/USD,20180904 16:46:24.877,1.15773,1.15775
EUR/USD,20180904 16:51:26.770,1.158,1.15803
EUR/USD,20180904 16:56:26.947,1.1577899999999999,1.15783
EUR/USD,20180904 17:01:29.021,1.15785,1.15788
EUR/USD,20180904 17:06:29.107,1.15801,1.15804
EUR/USD,20180904 17:11:31.452,1.15784,1.1578600000000001
EUR/USD,20180904 17:16:35.251,1.15775,1.15777
EUR/USD,20180904 17:21:36.663,1.15747,1.1575
EUR/USD,20180904 17:26:36.669,1.1578,1.15783
EUR/USD,20180904 17:31:49.099,1.1578899999999999,1.15796
EUR/USD,20180904 17:36:49.628,1.1581299999999999,1.15815
EUR/USD,20180904 17:41:50.901,1.15791,1.1579700000000002
EUR/USD,20180904 17:46:51.363,1.1577600000000001,1.15778
EUR/USD,20180904 17:51:51.949,1.1575,1.15754
EUR/USD,20180904 17:56:54.603,1.15772,1.15775
EUR/USD,20180904 18:01:59.814,1.1574,1.15744
EUR/USD,20180904 18:07:03.149,1.15761,1.15764
EUR/USD,20180904 18:12:03.190,1.15739,1.15741
EUR/USD,20180904 18:17:04.398,1.1579700000000002,1.15802
EUR/USD,20180904 18:22:06.455,1.1578600000000001,1.15792
EUR/USD,20180904 18:27:07.206,1.15795,1.15796
EUR/USD,20180904 18:32:12.237,1.1577600000000001,1.15783
EUR/USD,20180904 18:37:12.906,1.1578,1.15784
EUR/USD,20180904 18:42:13.072,1.1577,1.15773
EUR/USD,20180904 18:47:16.460,1.1576600000000001,1.1577
EUR/USD,20180904 18:52:19.913,1.1578600000000001,1.15792
EUR/USD,20180904 18:57:20.315,1.15783,1.1578600000000001
EUR/USD,20180904 19:02:20.675,1.15765,1.1576899999999999
EUR/USD,20180904 19:07:21.608,1.15791,1.15793
EUR/USD,20180904 19:12:29.184,1.15772,1.15775
EUR/USD,20180904 19:17:36.054,1.15763,1.1576799999999998
EUR/USD,20180904 19:22:36.078,1.15759,1.15761
EUR/USD,20180904 19:27:36.744,1.15741,1.15744
EUR/USD,20180904 19:32:37.079,1.15755,1.15763
EUR/USD,20180904 19:37:44.055,1.15773,1.15777
EUR/USD,20180904 19:42:55.429,1.15782,1.1578600000000001
EUR/USD,20180904 19:48:01.352,1.15778,1.15782
EUR/USD,20180904 19:53:01.394,1.15785,1.1579
EUR/USD,20180904 19:58:10.965,1.15819,1.15822
EUR/USD,20180904 20:03:12.133,1.15877,1.1588100000000001
EUR/USD,20180904 20:08:12.783,1.15872,1.15876
EUR/USD,20180904 20:13:15.073,1.15858,1.15864
EUR/USD,20180904 20:18:21.010,1.1586,1.15864
EUR/USD,20180904 20:23:41.153,1.15851,1.15856
EUR/USD,20180904 20:28:45.965,1.1583700000000001,1.15841
EUR/USD,20180904 20:34:21.820,1.1582299999999999,1.15829
EUR/USD,20180904 20:39:32.523,1.1583700000000001,1.1584
EUR/USD,20180904 20:44:44.500,1.1583299999999999,1.15838
EUR/USD,20180904 20:49:46.070,1.1582,1.15825
EUR/USD,20180904 20:54:48.375,1.1583299999999999,1.15838
EUR/USD,20180904 20:59:51.066,1.1581,1.15834
EUR/USD,20180904 21:04:59.599,1.15815,1.15844
EUR/USD,20180904 21:10:00.421,1.1582700000000001,1.1585299999999998
EUR/USD,20180904 21:15:01.766,1.15806,1.15851
EUR/USD,20180904 21:20:16.652,1.15801,1.1585
EUR/USD,20180904 21:25:20.968,1.1578700000000002,1.15814
EUR/USD,20180904 21:30:21.749,1.15796,1.1583700000000001
EUR/USD,20180904 21:36:05.791,1.15812,1.1582
EUR/USD,20180904 21:41:07.462,1.1581,1.15839
EUR/USD,20180904 21:46:08.790,1.15803,1.15818
EUR/USD,20180904 21:51:11.260,1.15803,1.15819
EUR/USD,20180904 21:56:13.197,1.15804,1.15821
EUR/USD,20180904 22:01:13.326,1.15814,1.15831
EUR/USD,20180904 22:06:14.584,1.15828,1.1583700000000001
EUR/USD,20180904 22:11:15.055,1.15829,1.15835
EUR/USD,20180904 22:16:15.099,1.1582,1.1582700000000001
EUR/USD,20180904 22:21:18.407,1.1582,1.15825
EUR/USD,20180904 22:26:26.103,1.1581700000000001,1.1582299999999999
EUR/USD,20180904 22:31:35.668,1.1582700000000001,1.1583299999999999
EUR/USD,20180904 22:36:36.226,1.15826,1.15831
EUR/USD,20180904 22:41:45.849,1.15828,1.15834
EUR/USD,20180904 22:46:51.336,1.1582700000000001,1.15832
EUR/USD,20180904 22:51:57.806,1.15825,1.15831
EUR/USD,20180904 22:57:05.875,1.15822,1.1583
EUR/USD,20180904 23:02:07.348,1.15828,1.15832
EUR/USD,20180904 23:07:21.807,1.1583299999999999,1.1583700000000001
EUR/USD,20180904 23:12:24.055,1.1583299999999999,1.1584
EUR/USD,20180904 23:17:25.686,1.15822,1.15828
EUR/USD,20180904 23:22:39.739,1.15834,1.15841
EUR/USD,20180904 23:28:02.885,1.15844,1.15848
EUR/USD,20180904 23:33:11.886,1.1586299999999998,1.15866
EUR/USD,20180904 23:38:16.979,1.1585,1.15854
EUR/USD,20180904 23:43:23.945,1.15846,1.15851
EUR/USD,20180904 23:49:43.327,1.15846,1.1585
EUR/USD,20180904 23:54:43.835,1.15855,1.15859
EUR/USD,20180904 23:59:45.165,1.15868,1.1587
EUR/USD,20180905 00:04:55.006,1.1586299999999998,1.15869
EUR/USD,20180905 00:09:58.273,1.15834,1.15838
EUR/USD,20180905 00:15:01.215,1.1581299999999999,1.15819
EUR/USD,20180905 00:20:04.137,1.15841,1.15846
EUR/USD,20180905 00:25:07.404,1.1586100000000001,1.15865
EUR/USD,20180905 00:30:13.376,1.15852,1.15857
EUR/USD,20180905 00:35:20.058,1.15834,1.1583700000000001
EUR/USD,20180905 00:40:21.106,1.15834,1.15839
EUR/USD,20180905 00:45:22.895,1.15852,1.15856
EUR/USD,20180905 00:50:25.207,1.1584,1.15844
EUR/USD,20180905 00:55:26.862,1.1584299999999998,1.15847
EUR/USD,20180905 01:00:26.974,1.15838,1.15842
EUR/USD,20180905 01:05:29.372,1.15854,1.15859
EUR/USD,20180905 01:10:30.367,1.1586299999999998,1.15866
EUR/USD,20180905 01:15:30.461,1.1588100000000001,1.15885
EUR/USD,20180905 01:20:31.481,1.15951,1.15954
EUR/USD,20180905 01:25:37.152,1.1595600000000001,1.15959
EUR/USD,20180905 01:30:37.761,1.1600700000000002,1.16011
EUR/USD,20180905 01:35:40.462,1.1596600000000001,1.1596799999999998
EUR/USD,20180905 01:40:40.820,1.15973,1.1597600000000001
EUR/USD,20180905 01:45:46.251,1.15959,1.15964
EUR/USD,20180905 01:50:50.487,1.15949,1.15953
EUR/USD,20180905 01:55:52.412,1.1593799999999999,1.1594200000000001
EUR/USD,20180905 02:01:00.732,1.15943,1.15947
EUR/USD,20180905 02:06:00.785,1.15977,1.15981
EUR/USD,20180905 02:11:02.255,1.15992,1.15994
EUR/USD,20180905 02:16:06.305,1.15991,1.15995
EUR/USD,20180905 02:21:06.699,1.16015,1.16019
EUR/USD,20180905 02:26:09.963,1.16046,1.1605
EUR/USD,20180905 02:31:13.098,1.16032,1.16038
EUR/USD,20180905 02:36:17.940,1.1606,1.16065
EUR/USD,20180905 02:41:18.037,1.16055,1.16058
EUR/USD,20180905 02:46:21.519,1.1605,1.1605299999999998
EUR/USD,20180905 02:51:21.717,1.16077,1.1608
EUR/USD,20180905 02:56:22.143,1.16051,1.16054
EUR/USD,20180905 03:01:28.865,1.1605299999999998,1.16054
EUR/USD,20180905 03:06:29.540,1.16029,1.16032
EUR/USD,20180905 03:11:34.963,1.15988,1.15992
EUR/USD,20180905 03:16:36.060,1.15985,1.1598899999999999
EUR/USD,20180905 03:21:36.466,1.1598,1.15983
EUR/USD,20180905 03:26:41.676,1.15977,1.15983
EUR/USD,20180905 03:31:49.544,1.1596600000000001,1.1596799999999998
EUR/USD,20180905 03:36:53.881,1.1597,1.15973
EUR/USD,20180905 03:41:56.332,1.15961,1.15963
EUR/USD,20180905 03:47:00.010,1.15974,1.15978
EUR/USD,20180905 03:52:03.220,1.1596,1.15964
EUR/USD,20180905 03:57:08.603,1.1596899999999999,1.15973
EUR/USD,20180905 04:02:09.695,1.1597600000000001,1.15978
EUR/USD,20180905 04:07:17.849,1.1595600000000001,1.15959
EUR/USD,20180905 04:12:26.112,1.15955,1.1595799999999998
EUR/USD,20180905 04:17:35.847,1.15945,1.1595
EUR/USD,20180905 04:22:41.627,1.15936,1.1593799999999999
EUR/USD,20180905 04:27:42.587,1.1596,1.15963
EUR/USD,20180905 04:32:44.867,1.1593799999999999,1.1594
EUR/USD,20180905 04:37:56.098,1.15941,1.15944
EUR/USD,20180905 04:42:56.154,1.1593799999999999,1.1594
EUR/USD,20180905 04:47:57.346,1.15945,1.15949
EUR/USD,20180905 04:52:58.610,1.15949,1.15953
EUR/USD,20180905 04:58:00.596,1.15945,1.1594799999999998
EUR/USD,20180905 05:03:00.599,1.15947,1.15951
EUR/USD,20180905 05:08:11.377,1.15936,1.1594
EUR/USD,20180905 05:13:13.000,1.15896,1.15898
EUR/USD,20180905 05:18:17.455,1.15917,1.15919
EUR/USD,20180905 05:23:19.666,1.15929,1.15934
EUR/USD,20180905 05:28:25.171,1.1592799999999999,1.15931
EUR/USD,20180905 05:33:25.173,1.15891,1.15893
EUR/USD,20180905 05:38:26.703,1.1591200000000002,1.15914
EUR/USD,20180905 05:43:27.429,1.1592799999999999,1.15931
EUR/USD,20180905 05:48:28.647,1.15904,1.1591
EUR/USD,20180905 05:53:30.699,1.1593799999999999,1.15939
EUR/USD,20180905 05:58:32.682,1.15939,1.15943
EUR/USD,20180905 06:03:32.840,1.15888,1.1589200000000002
EUR/USD,20180905 06:08:34.332,1.15832,1.15836
EUR/USD,20180905 06:13:36.513,1.1586100000000001,1.15866
EUR/USD,20180905 06:18:37.199,1.1582299999999999,1.15826
EUR/USD,20180905 06:23:37.340,1.1577,1.15773
EUR/USD,20180905 06:28:38.409,1.15714,1.15716
EUR/USD,20180905 06:33:39.717,1.1573799999999999,1.15741
EUR/USD,20180905 06:38:49.050,1.15735,1.1574
EUR/USD,20180905 06:43:49.479,1.15726,1.15729
EUR/USD,20180905 06:48:52.333,1.15724,1.1572799999999999
EUR/USD,20180905 06:53:53.339,1.15658,1.1566
EUR/USD,20180905 06:58:55.301,1.1567,1.15673
EUR/USD,20180905 07:03:55.804,1.15686,1.15689
EUR/USD,20180905 07:08:56.951,1.15676,1.15679
EUR/USD,20180905 07:13:59.516,1.15621,1.15624
EUR/USD,20180905 07:18:59.516,1.15574,1.15578
EUR/USD,20180905 07:23:59.618,1.15479,1.1548200000000002
EUR/USD,20180905 07:29:01.441,1.15439,1.1544299999999998
EUR/USD,20180905 07:34:01.659,1.15519,1.15521
EUR/USD,20180905 07:39:02.134,1.15554,1.1555600000000001
EUR/USD,20180905 07:44:04.670,1.15561,1.15563
EUR/USD,20180905 07:49:05.653,1.15539,1.15545
EUR/USD,20180905 07:54:06.196,1.15493,1.15496
EUR/USD,20180905 07:59:07.034,1.15562,1.15564
EUR/USD,20180905 08:04:07.650,1.15583,1.15586
EUR/USD,20180905 08:09:09.422,1.15652,1.15654
EUR/USD,20180905 08:14:09.551,1.15567,1.1556799999999998
EUR/USD,20180905 08:19:14.730,1.15601,1.15604
EUR/USD,20180905 08:24:16.482,1.1562,1.1562299999999999
EUR/USD,20180905 08:29:18.165,1.15592,1.15595
EUR/USD,20180905 08:34:22.638,1.1566100000000001,1.1566299999999998
EUR/USD,20180905 08:39:24.804,1.1569399999999999,1.15697
EUR/USD,20180905 08:44:27.158,1.15699,1.1570200000000002
EUR/USD,20180905 08:49:28.419,1.15672,1.15676
EUR/USD,20180905 08:54:28.535,1.1566,1.15662
EUR/USD,20180905 08:59:29.745,1.15677,1.15679
EUR/USD,20180905 09:04:32.035,1.15717,1.1572
EUR/USD,20180905 09:09:32.881,1.1572799999999999,1.15733
EUR/USD,20180905 09:14:35.832,1.15723,1.15725
EUR/USD,20180905 09:19:35.897,1.15869,1.1587399999999999
EUR/USD,20180905 09:24:40.268,1.1584,1.15842
EUR/USD,20180905 09:29:40.274,1.15798,1.15801
EUR/USD,20180905 09:34:41.133,1.1582299999999999,1.1582700000000001
EUR/USD,20180905 09:39:43.780,1.15747,1.15749
EUR/USD,20180905 09:44:44.450,1.1579700000000002,1.1579899999999999
EUR/USD,20180905 09:49:45.958,1.15771,1.15773
EUR/USD,20180905 09:54:46.368,1.1575799999999998,1.15761
EUR/USD,20180905 09:59:48.821,1.15749,1.15752
EUR/USD,20180905 10:04:53.688,1.15762,1.1576799999999998
EUR/USD,20180905 10:09:54.568,1.15713,1.15716
EUR/USD,20180905 10:14:54.769,1.15695,1.15698
EUR/USD,20180905 10:19:54.951,1.1572799999999999,1.1573200000000001
EUR/USD,20180905 10:24:55.538,1.1579700000000002,1.158
EUR/USD,20180905 10:29:57.765,1.15806,1.1581
EUR/USD,20180905 10:34:57.898,1.15752,1.1575600000000001
EUR/USD,20180905 10:39:59.015,1.15816,1.15818
EUR/USD,20180905 10:45:00.020,1.15855,1.15856
EUR/USD,20180905 10:50:00.271,1.15931,1.15933
EUR/USD,20180905 10:55:00.917,1.15952,1.15953
EUR/USD,20180905 11:00:00.947,1.15946,1.1594799999999998
EUR/USD,20180905 11:05:01.716,1.15941,1.15945
EUR/USD,20180905 11:10:01.820,1.15901,1.15903
EUR/USD,20180905 11:15:02.576,1.1588100000000001,1.1588399999999999
EUR/USD,20180905 11:20:12.244,1.15854,1.15859
EUR/USD,20180905 11:25:17.302,1.15847,1.15851
EUR/USD,20180905 11:30:21.871,1.1583299999999999,1.1583700000000001
EUR/USD,20180905 11:35:22.417,1.1583299999999999,1.15838
EUR/USD,20180905 11:40:22.660,1.1584299999999998,1.15845
EUR/USD,20180905 11:45:22.819,1.15857,1.15862
EUR/USD,20180905 11:50:25.396,1.15826,1.15828
EUR/USD,20180905 11:55:25.446,1.15845,1.15848
EUR/USD,20180905 12:00:25.454,1.15819,1.15822
EUR/USD,20180905 12:05:27.054,1.158,1.15803
EUR/USD,20180905 12:10:29.002,1.1582700000000001,1.15829
EUR/USD,20180905 12:15:29.086,1.1579700000000002,1.15802
EUR/USD,20180905 12:20:29.628,1.15802,1.15804
EUR/USD,20180905 12:25:29.747,1.15824,1.15826
EUR/USD,20180905 12:30:29.922,1.15806,1.15809
EUR/USD,20180905 12:35:29.927,1.15816,1.1582
EUR/USD,20180905 12:40:31.255,1.15868,1.1587399999999999
EUR/USD,20180905 12:45:31.285,1.15866,1.15869
EUR/USD,20180905 12:50:32.274,1.15873,1.15877
EUR/USD,20180905 12:55:32.724,1.15877,1.1588
EUR/USD,20180905 13:00:33.129,1.15851,1.15854
EUR/USD,20180905 13:05:33.145,1.1593,1.15933
EUR/USD,20180905 13:10:33.167,1.16119,1.1612200000000001
EUR/USD,20180905 13:15:33.353,1.16183,1.1618700000000002
EUR/USD,20180905 13:20:34.087,1.16308,1.16309
EUR/USD,20180905 13:25:34.371,1.16235,1.16239
EUR/USD,20180905 13:30:35.018,1.1625299999999998,1.16256
EUR/USD,20180905 13:35:36.114,1.1623299999999999,1.16236
EUR/USD,20180905 13:40:38.319,1.16248,1.16251
EUR/USD,20180905 13:45:39.159,1.1623299999999999,1.1623700000000001
EUR/USD,20180905 13:50:39.591,1.1629200000000002,1.16296
EUR/USD,20180905 13:55:40.434,1.1623700000000001,1.16239
EUR/USD,20180905 14:00:42.467,1.16236,1.16239
EUR/USD,20180905 14:05:44.527,1.1619,1.16193
EUR/USD,20180905 14:10:45.433,1.16229,1.16232
EUR/USD,20180905 14:15:45.620,1.16169,1.16171
EUR/USD,20180905 14:20:46.685,1.16143,1.16145
EUR/USD,20180905 14:25:47.413,1.16149,1.16151
EUR/USD,20180905 14:30:47.460,1.16167,1.1617
EUR/USD,20180905 14:35:47.549,1.16133,1.16137
EUR/USD,20180905 14:40:47.639,1.16133,1.16134
EUR/USD,20180905 14:45:48.865,1.16209,1.16211
EUR/USD,20180905 14:50:49.417,1.16201,1.16204
EUR/USD,20180905 14:55:49.979,1.16249,1.16252
EUR/USD,20180905 15:00:50.453,1.16239,1.16245
EUR/USD,20180905 15:05:50.641,1.16211,1.16214
EUR/USD,20180905 15:10:51.526,1.1621700000000001,1.1622
EUR/USD,20180905 15:15:52.843,1.1626,1.1626299999999998
EUR/USD,20180905 15:20:53.110,1.16258,1.16262
EUR/USD,20180905 15:25:53.137,1.1612799999999999,1.1613
EUR/USD,20180905 15:30:53.177,1.16099,1.161
EUR/USD,20180905 15:35:53.188,1.16161,1.16165
EUR/USD,20180905 15:40:54.009,1.16226,1.16228
EUR/USD,20180905 15:45:54.575,1.16125,1.16129
EUR/USD,20180905 15:50:54.968,1.16184,1.1618700000000002
EUR/USD,20180905 15:55:55.292,1.16222,1.16222
EUR/USD,20180905 16:00:55.355,1.16198,1.16202
EUR/USD,20180905 16:05:55.700,1.16267,1.1627
EUR/USD,20180905 16:10:55.939,1.1624299999999999,1.16246
EUR/USD,20180905 16:15:56.385,1.16256,1.16258
EUR/USD,20180905 16:20:56.846,1.1629399999999999,1.16297
EUR/USD,20180905 16:26:06.653,1.16252,1.16256
EUR/USD,20180905 16:31:06.849,1.1621700000000001,1.16221
EUR/USD,20180905 16:36:06.856,1.1622299999999999,1.16226
EUR/USD,20180905 16:41:07.201,1.1623299999999999,1.1623700000000001
EUR/USD,20180905 16:46:07.741,1.16216,1.16219
EUR/USD,20180905 16:51:08.747,1.162,1.16202
EUR/USD,20180905 16:56:08.776,1.1618700000000002,1.1619
EUR/USD,20180905 17:01:09.598,1.16218,1.16221
EUR/USD,20180905 17:06:09.607,1.16234,1.16238
EUR/USD,20180905 17:11:11.709,1.1624700000000001,1.16251
EUR/USD,20180905 17:16:15.121,1.16282,1.16285
EUR/USD,20180905 17:21:25.236,1.1628100000000001,1.16286
EUR/USD,20180905 17:26:32.478,1.16244,1.16248
EUR/USD,20180905 17:31:32.490,1.16266,1.16269
EUR/USD,20180905 17:36:32.555,1.16282,1.16286
EUR/USD,20180905 17:41:35.906,1.16245,1.16248
EUR/USD,20180905 17:46:37.954,1.16252,1.16254
EUR/USD,20180905 17:51:40.087,1.16244,1.16246
EUR/USD,20180905 17:56:41.324,1.1622700000000001,1.16232
EUR/USD,20180905 18:01:41.519,1.16216,1.16219
EUR/USD,20180905 18:06:44.308,1.16224,1.16225
EUR/USD,20180905 18:11:50.020,1.16226,1.16231
EUR/USD,20180905 18:16:50.317,1.1625,1.1625299999999998
EUR/USD,20180905 18:21:50.531,1.1622,1.1622299999999999
EUR/USD,20180905 18:26:51.055,1.16255,1.16256
EUR/USD,20180905 18:32:01.818,1.1627399999999999,1.16279
EUR/USD,20180905 18:37:05.456,1.16258,1.1626100000000001
EUR/USD,20180905 18:42:06.808,1.16254,1.16257
EUR/USD,20180905 18:47:07.282,1.1623299999999999,1.16236
EUR/USD,20180905 18:52:07.440,1.16224,1.16226
EUR/USD,20180905 18:57:13.141,1.16231,1.16236
EUR/USD,20180905 19:02:20.493,1.16218,1.16222
EUR/USD,20180905 19:07:28.725,1.16254,1.16258
EUR/USD,20180905 19:12:30.487,1.1625299999999998,1.16255
EUR/USD,20180905 19:17:42.392,1.16256,1.16259
EUR/USD,20180905 19:22:44.555,1.16275,1.16278
EUR/USD,20180905 19:27:44.707,1.16282,1.16286
EUR/USD,20180905 19:32:59.162,1.16285,1.16289
EUR/USD,20180905 19:38:09.041,1.16277,1.1628399999999999
EUR/USD,20180905 19:43:10.873,1.1629200000000002,1.16298
EUR/USD,20180905 19:48:14.595,1.16278,1.1628100000000001
EUR/USD,20180905 19:53:14.926,1.16289,1.16291
EUR/USD,20180905 19:58:16.277,1.1631,1.16313
EUR/USD,20180905 20:03:19.401,1.16314,1.16319
EUR/USD,20180905 20:08:19.589,1.16321,1.16324
EUR/USD,20180905 20:13:22.653,1.16311,1.16313
EUR/USD,20180905 20:18:25.991,1.1631799999999999,1.16321
EUR/USD,20180905 20:23:27.705,1.16309,1.16311
EUR/USD,20180905 20:28:40.785,1.16324,1.16329
EUR/USD,20180905 20:33:41.102,1.1631,1.16314
EUR/USD,20180905 20:38:44.885,1.1631200000000002,1.16317
EUR/USD,20180905 20:43:45.672,1.1631,1.1631200000000002
EUR/USD,20180905 20:48:45.672,1.16311,1.16315
EUR/USD,20180905 20:53:45.687,1.16315,1.16319
EUR/USD,20180905 20:58:51.270,1.16301,1.16304
EUR/USD,20180905 21:03:55.911,1.16324,1.1634200000000001
EUR/USD,20180905 21:09:04.442,1.16293,1.16311
EUR/USD,20180905 21:14:14.204,1.16321,1.1633
EUR/USD,20180905 21:19:27.469,1.16316,1.16337
EUR/USD,20180905 21:24:29.465,1.16321,1.16335
EUR/USD,20180905 21:29:32.643,1.1632799999999999,1.16337
EUR/USD,20180905 21:35:14.930,1.16317,1.16335
EUR/USD,20180905 21:40:17.206,1.16326,1.16336
EUR/USD,20180905 21:45:21.773,1.16325,1.16343
EUR/USD,20180905 21:50:26.747,1.16329,1.16339
EUR/USD,20180905 21:55:27.398,1.16311,1.1632799999999999
EUR/USD,20180905 22:00:36.207,1.1633799999999999,1.16345
EUR/USD,20180905 22:05:47.999,1.1634,1.16345
EUR/USD,20180905 22:10:49.247,1.16324,1.1633200000000001
EUR/USD,20180905 22:15:56.161,1.16325,1.1633200000000001
EUR/USD,20180905 22:20:56.501,1.1632200000000001,1.16331
EUR/USD,20180905 22:25:57.256,1.16329,1.16337
EUR/USD,20180905 22:31:03.011,1.16327,1.16333
EUR/USD,20180905 22:36:07.871,1.16321,1.16324
EUR/USD,20180905 22:41:12.798,1.16319,1.16325
EUR/USD,20180905 22:46:23.249,1.1631799999999999,1.1632200000000001
EUR/USD,20180905 22:51:33.465,1.16323,1.1633200000000001
EUR/USD,20180905 22:57:08.177,1.1632,1.16326
EUR/USD,20180905 23:02:17.422,1.16324,1.1632799999999999
EUR/USD,20180905 23:07:38.588,1.16325,1.1633
EUR/USD,20180905 23:12:55.737,1.16321,1.16326
EUR/USD,20180905 23:17:55.780,1.16321,1.16326
EUR/USD,20180905 23:23:12.047,1.16321,1.16327
EUR/USD,20180905 23:28:31.221,1.16331,1.16335
EUR/USD,20180905 23:33:35.109,1.16324,1.16326
EUR/USD,20180905 23:38:45.372,1.16325,1.1633
EUR/USD,20180905 23:43:46.747,1.1633200000000001,1.16335
EUR/USD,20180905 23:48:52.945,1.16335,1.16341
EUR/USD,20180905 23:53:56.178,1.16334,1.1634
EUR/USD,20180905 23:58:57.466,1.16347,1.1635
EUR/USD,20180906 00:03:57.524,1.16454,1.16458
EUR/USD,20180906 00:08:58.558,1.16441,1.16444
EUR/USD,20180906 00:13:59.058,1.16449,1.1645
EUR/USD,20180906 00:18:59.134,1.16533,1.16537
EUR/USD,20180906 00:23:59.389,1.16496,1.16499
EUR/USD,20180906 00:28:59.844,1.1647299999999998,1.16476
EUR/USD,20180906 00:34:10.331,1.16472,1.16478
EUR/USD,20180906 00:39:12.023,1.1648100000000001,1.16485
EUR/USD,20180906 00:44:13.795,1.16444,1.16448
EUR/USD,20180906 00:49:14.255,1.16445,1.16448
EUR/USD,20180906 00:54:15.353,1.16418,1.1642
EUR/USD,20180906 00:59:17.614,1.16444,1.1644700000000001
EUR/USD,20180906 01:04:21.010,1.16475,1.16479
EUR/USD,20180906 01:09:25.945,1.1647100000000001,1.1647399999999999
EUR/USD,20180906 01:14:28.823,1.1644,1.16442
EUR/USD,20180906 01:19:29.024,1.16422,1.16426
EUR/USD,20180906 01:24:31.452,1.16426,1.16428
EUR/USD,20180906 01:29:33.137,1.16452,1.16456
EUR/USD,20180906 01:34:33.417,1.16462,1.16467
EUR/USD,20180906 01:39:36.212,1.16449,1.16454
EUR/USD,20180906 01:44:39.023,1.16434,1.1643700000000001
EUR/USD,20180906 01:49:39.779,1.1641,1.1641299999999999
EUR/USD,20180906 01:54:39.926,1.1642,1.16425
EUR/USD,20180906 01:59:47.478,1.16436,1.16441
EUR/USD,20180906 02:04:48.147,1.16464,1.16468
EUR/USD,20180906 02:09:51.369,1.1647100000000001,1.16477
EUR/USD,20180906 02:14:56.818,1.16466,1.16467
EUR/USD,20180906 02:20:00.789,1.16464,1.16467
EUR/USD,20180906 02:25:01.475,1.16469,1.1647299999999998
EUR/USD,20180906 02:30:01.971,1.16469,1.16472
EUR/USD,20180906 02:35:06.862,1.16457,1.1646100000000001
EUR/USD,20180906 02:40:12.442,1.1647,1.1647100000000001
EUR/USD,20180906 02:45:12.445,1.16487,1.16489
EUR/USD,20180906 02:50:16.565,1.16489,1.1649399999999999
EUR/USD,20180906 02:55:17.719,1.16477,1.1648100000000001
EUR/USD,20180906 03:00:21.537,1.16467,1.1647100000000001
EUR/USD,20180906 03:05:24.965,1.16462,1.16465
EUR/USD,20180906 03:10:27.823,1.1646,1.1646299999999998
EUR/USD,20180906 03:15:28.474,1.1643,1.1643299999999999
EUR/USD,20180906 03:20:28.622,1.1641299999999999,1.1641700000000001
EUR/USD,20180906 03:25:29.732,1.1639700000000002,1.1640000000000001
EUR/USD,20180906 03:30:31.355,1.16398,1.16403
EUR/USD,20180906 03:35:33.846,1.16356,1.16359
EUR/USD,20180906 03:40:35.625,1.16365,1.16367
EUR/USD,20180906 03:45:36.674,1.16356,1.1636
EUR/USD,20180906 03:50:37.681,1.16345,1.1634799999999998
EUR/USD,20180906 03:55:38.043,1.16329,1.1633200000000001
EUR/USD,20180906 04:00:38.347,1.16347,1.16349
EUR/USD,20180906 04:05:40.740,1.16333,1.16337
EUR/USD,20180906 04:10:41.157,1.1633799999999999,1.16341
EUR/USD,20180906 04:15:44.989,1.16357,1.16362
EUR/USD,20180906 04:20:49.600,1.16357,1.16362
EUR/USD,20180906 04:25:50.291,1.16361,1.16364
EUR/USD,20180906 04:30:53.261,1.16337,1.1634
EUR/USD,20180906 04:35:56.057,1.16346,1.1634799999999998
EUR/USD,20180906 04:41:01.394,1.1631799999999999,1.16319
EUR/USD,20180906 04:46:01.940,1.1631799999999999,1.16321
EUR/USD,20180906 04:51:05.878,1.16321,1.16325
EUR/USD,20180906 04:56:12.561,1.16326,1.16331
EUR/USD,20180906 05:01:15.970,1.16341,1.16347
EUR/USD,20180906 05:06:16.693,1.1630200000000002,1.16304
EUR/USD,20180906 05:11:22.494,1.16311,1.16317
EUR/USD,20180906 05:16:23.587,1.1632799999999999,1.1633
EUR/USD,20180906 05:21:23.773,1.1632,1.1632200000000001
EUR/USD,20180906 05:26:25.969,1.16301,1.1630200000000002
EUR/USD,20180906 05:31:26.722,1.1626,1.1626299999999998
EUR/USD,20180906 05:36:27.461,1.1622299999999999,1.1622700000000001
EUR/USD,20180906 05:41:30.974,1.16242,1.16245
EUR/USD,20180906 05:46:31.716,1.16208,1.1621
EUR/USD,20180906 05:51:32.629,1.16236,1.16239
EUR/USD,20180906 05:56:36.586,1.1624299999999999,1.16249
EUR/USD,20180906 06:01:38.376,1.16156,1.16157
EUR/USD,20180906 06:06:39.640,1.16212,1.16216
EUR/USD,20180906 06:11:40.179,1.1625,1.1625299999999998
EUR/USD,20180906 06:16:43.576,1.16236,1.1624
EUR/USD,20180906 06:21:44.466,1.16269,1.1627
EUR/USD,20180906 06:26:44.959,1.16265,1.16268
EUR/USD,20180906 06:31:45.387,1.16293,1.16297
EUR/USD,20180906 06:36:47.007,1.1626100000000001,1.1626299999999998
EUR/USD,20180906 06:41:47.158,1.1623700000000001,1.16241
EUR/USD,20180906 06:46:47.211,1.16244,1.16246
EUR/USD,20180906 06:51:47.742,1.16238,1.16242
EUR/USD,20180906 06:56:48.117,1.16216,1.1622
EUR/USD,20180906 07:01:49.948,1.16169,1.16172
EUR/USD,20180906 07:06:50.012,1.16195,1.16198
EUR/USD,20180906 07:11:50.610,1.16235,1.1623700000000001
EUR/USD,20180906 07:16:50.710,1.16231,1.16234
EUR/USD,20180906 07:21:50.759,1.16291,1.16295
EUR/USD,20180906 07:26:52.785,1.1633799999999999,1.16341
EUR/USD,20180906 07:31:52.848,1.16339,1.16341
EUR/USD,20180906 07:36:53.430,1.16345,1.16349
EUR/USD,20180906 07:41:54.543,1.16317,1.16319
EUR/USD,20180906 07:46:55.632,1.1620700000000002,1.1621
EUR/USD,20180906 07:51:56.118,1.16272,1.16275
EUR/USD,20180906 07:56:57.249,1.16238,1.16241
EUR/USD,20180906 08:01:57.448,1.16257,1.16259
EUR/USD,20180906 08:06:59.111,1.16316,1.16319
EUR/USD,20180906 08:11:59.185,1.16382,1.16383
EUR/USD,20180906 08:16:59.334,1.1636600000000001,1.16369
EUR/USD,20180906 08:21:59.357,1.16363,1.16367
EUR/USD,20180906 08:26:59.799,1.1637899999999999,1.16382
EUR/USD,20180906 08:32:00.693,1.1633200000000001,1.16336
EUR/USD,20180906 08:37:01.954,1.1632200000000001,1.16323
EUR/USD,20180906 08:42:01.957,1.16361,1.16363
EUR/USD,20180906 08:47:02.003,1.16396,1.16398
EUR/USD,20180906 08:52:02.822,1.16339,1.16341
EUR/USD,20180906 08:57:03.409,1.16349,1.16352
EUR/USD,20180906 09:02:03.833,1.16339,1.16343
EUR/USD,20180906 09:07:04.609,1.16335,1.16339
EUR/USD,20180906 09:12:05.660,1.1631200000000002,1.16315
EUR/USD,20180906 09:17:06.843,1.16268,1.16268
EUR/USD,20180906 09:22:07.312,1.16293,1.16297
EUR/USD,20180906 09:27:07.918,1.1629200000000002,1.16297
EUR/USD,20180906 09:32:07.958,1.1626299999999998,1.16264
EUR/USD,20180906 09:37:08.651,1.16268,1.16272
EUR/USD,20180906 09:42:09.328,1.16171,1.16173
EUR/USD,20180906 09:47:10.880,1.16202,1.16204
EUR/USD,20180906 09:52:10.940,1.16248,1.16251
EUR/USD,20180906 09:57:11.113,1.1621700000000001,1.1622
EUR/USD,20180906 10:02:13.620,1.16195,1.1619700000000002
EUR/USD,20180906 10:07:15.906,1.16235,1.16239
EUR/USD,20180906 10:12:16.876,1.1623299999999999,1.16238
EUR/USD,20180906 10:17:19.786,1.16214,1.16218
EUR/USD,20180906 10:22:20.487,1.16251,1.1625299999999998
EUR/USD,20180906 10:27:25.045,1.16198,1.16202
EUR/USD,20180906 10:32:25.072,1.16226,1.16229
EUR/USD,20180906 10:37:27.865,1.1624299999999999,1.16246
EUR/USD,20180906 10:42:29.223,1.16239,1.16241
EUR/USD,20180906 10:47:29.801,1.1616600000000001,1.1616799999999998
EUR/USD,20180906 10:52:29.803,1.16221,1.1622299999999999
EUR/USD,20180906 10:57:30.099,1.16242,1.16246
EUR/USD,20180906 11:02:30.359,1.16314,1.16317
EUR/USD,20180906 11:07:30.640,1.1631,1.16313
EUR/USD,20180906 11:12:30.709,1.16286,1.16287
EUR/USD,20180906 11:17:39.544,1.1628,1.16285
EUR/USD,20180906 11:22:43.586,1.1631,1.1631200000000002
EUR/USD,20180906 11:27:44.478,1.1627399999999999,1.16278
EUR/USD,20180906 11:32:44.489,1.16295,1.16297
EUR/USD,20180906 11:37:46.327,1.16264,1.16267
EUR/USD,20180906 11:42:54.168,1.16304,1.1631
EUR/USD,20180906 11:47:54.854,1.16306,1.16309
EUR/USD,20180906 11:52:55.519,1.16325,1.1632799999999999
EUR/USD,20180906 11:57:56.814,1.16346,1.1635
EUR/USD,20180906 12:02:58.078,1.16297,1.16301
EUR/USD,20180906 12:07:58.660,1.16344,1.16347
EUR/USD,20180906 12:13:00.666,1.16361,1.16364
EUR/USD,20180906 12:18:00.706,1.16451,1.1645299999999998
EUR/USD,20180906 12:23:02.195,1.16475,1.16477
EUR/USD,20180906 12:28:05.914,1.16446,1.1645
EUR/USD,20180906 12:33:05.996,1.16534,1.1653799999999999
EUR/USD,20180906 12:38:07.496,1.16472,1.16476
EUR/USD,20180906 12:43:09.789,1.16444,1.16449
EUR/USD,20180906 12:48:10.186,1.1647299999999998,1.16477
EUR/USD,20180906 12:53:13.107,1.16435,1.16438
EUR/USD,20180906 12:58:14.377,1.1642,1.1642299999999999
EUR/USD,20180906 13:03:16.247,1.16448,1.16452
EUR/USD,20180906 13:08:16.357,1.16435,1.16439
EUR/USD,20180906 13:13:17.174,1.16382,1.16382
EUR/USD,20180906 13:18:18.300,1.16339,1.1634200000000001
EUR/USD,20180906 13:23:19.228,1.16316,1.1632
EUR/USD,20180906 13:28:19.329,1.16331,1.16334
EUR/USD,20180906 13:33:19.856,1.1637,1.16373
EUR/USD,20180906 13:38:22.110,1.16352,1.16359
EUR/USD,20180906 13:43:23.496,1.16373,1.16377
EUR/USD,20180906 13:48:24.179,1.16402,1.16405
EUR/USD,20180906 13:53:25.338,1.1641700000000001,1.16422
EUR/USD,20180906 13:58:25.616,1.16394,1.16398
EUR/USD,20180906 14:03:25.642,1.1635799999999998,1.16361
EUR/USD,20180906 14:08:26.441,1.16384,1.16385
EUR/USD,20180906 14:13:26.494,1.16361,1.16364
EUR/USD,20180906 14:18:26.957,1.16364,1.1636799999999998
EUR/USD,20180906 14:23:27.082,1.16391,1.16392
EUR/USD,20180906 14:28:27.850,1.16405,1.16409
EUR/USD,20180906 14:33:29.191,1.16391,1.16395
EUR/USD,20180906 14:38:30.720,1.16424,1.16428
EUR/USD,20180906 14:43:30.827,1.16436,1.16441
EUR/USD,20180906 14:48:31.339,1.1641,1.1641299999999999
EUR/USD,20180906 14:53:32.388,1.16455,1.16458
EUR/USD,20180906 14:58:32.818,1.16377,1.1638
EUR/USD,20180906 15:03:35.159,1.16299,1.16304
EUR/USD,20180906 15:08:35.200,1.16101,1.16103
EUR/USD,20180906 15:13:35.456,1.1614200000000001,1.16145
EUR/USD,20180906 15:18:36.061,1.16126,1.1612799999999999
EUR/USD,20180906 15:23:38.788,1.1613,1.1613200000000001
EUR/USD,20180906 15:28:39.362,1.16172,1.16175
EUR/USD,20180906 15:33:39.734,1.16177,1.16182
EUR/USD,20180906 15:38:39.773,1.16178,1.16183
EUR/USD,20180906 15:43:40.188,1.16161,1.16164
EUR/USD,20180906 15:48:40.310,1.16184,1.1618700000000002
EUR/USD,20180906 15:53:40.362,1.1620700000000002,1.16212
EUR/USD,20180906 15:58:40.365,1.16221,1.16225
EUR/USD,20180906 16:03:41.450,1.1623299999999999,1.16239
EUR/USD,20180906 16:08:42.033,1.16246,1.1625
EUR/USD,20180906 16:13:42.091,1.16238,1.16242
EUR/USD,20180906 16:18:45.678,1.16231,1.16232
EUR/USD,20180906 16:23:47.630,1.16205,1.16209
EUR/USD,20180906 16:28:49.922,1.16194,1.16198
EUR/USD,20180906 16:33:50.246,1.16156,1.1615799999999998
EUR/USD,20180906 16:38:51.025,1.16139,1.16143
EUR/USD,20180906 16:43:51.087,1.16204,1.16208
EUR/USD,20180906 16:48:52.752,1.1622,1.16224
EUR/USD,20180906 16:53:52.776,1.16222,1.16225
EUR/USD,20180906 16:58:55.401,1.16224,1.1622700000000001
EUR/USD,20180906 17:03:55.810,1.16235,1.16239
EUR/USD,20180906 17:09:00.396,1.16209,1.1621299999999999
EUR/USD,20180906 17:14:08.771,1.1619899999999999,1.16203
EUR/USD,20180906 17:19:12.989,1.16178,1.16184
EUR/USD,20180906 17:24:13.983,1.16165,1.16169
EUR/USD,20180906 17:29:15.030,1.16164,1.16167
EUR/USD,20180906 17:34:15.468,1.16162,1.16164
EUR/USD,20180906 17:39:15.527,1.1618,1.16183
EUR/USD,20180906 17:44:17.617,1.16204,1.16208
EUR/USD,20180906 17:49:19.566,1.16191,1.16192
EUR/USD,20180906 17:54:21.444,1.16173,1.1617600000000001
EUR/USD,20180906 17:59:21.639,1.16196,1.16198
EUR/USD,20180906 18:04:24.033,1.16212,1.1621700000000001
EUR/USD,20180906 18:09:27.469,1.16245,1.1624700000000001
EUR/USD,20180906 18:14:32.176,1.16239,1.1624299999999999
EUR/USD,20180906 18:19:37.424,1.1624,1.16244
EUR/USD,20180906 18:24:51.200,1.1623299999999999,1.16235
EUR/USD,20180906 18:29:53.914,1.16241,1.16245
EUR/USD,20180906 18:34:54.258,1.1632200000000001,1.16327
EUR/USD,20180906 18:39:55.442,1.16262,1.16266
EUR/USD,20180906 18:44:57.868,1.16259,1.16262
EUR/USD,20180906 18:49:58.396,1.1623700000000001,1.16241
EUR/USD,20180906 18:55:00.062,1.1624,1.16245
EUR/USD,20180906 19:00:00.069,1.1625299999999998,1.16257
EUR/USD,20180906 19:05:03.285,1.16262,1.16265
EUR/USD,20180906 19:10:08.602,1.1624,1.16245
EUR/USD,20180906 19:15:16.381,1.16254,1.16258
EUR/USD,20180906 19:20:17.881,1.1625,1.1625299999999998
EUR/USD,20180906 19:25:19.158,1.16224,1.16228
EUR/USD,20180906 19:30:39.707,1.16238,1.1624
EUR/USD,20180906 19:35:41.076,1.1623700000000001,1.1624299999999999
EUR/USD,20180906 19:40:46.459,1.16229,1.16234
EUR/USD,20180906 19:45:46.540,1.1624,1.16242
EUR/USD,20180906 19:50:49.832,1.1622299999999999,1.1622700000000001
EUR/USD,20180906 19:55:57.657,1.1624,1.16245
EUR/USD,20180906 20:01:01.175,1.1624299999999999,1.16246
EUR/USD,20180906 20:06:02.376,1.16245,1.1625
EUR/USD,20180906 20:11:02.982,1.16265,1.16269
EUR/USD,20180906 20:16:25.867,1.1624299999999999,1.16246
EUR/USD,20180906 20:21:35.870,1.16264,1.1627100000000001
EUR/USD,20180906 20:26:46.691,1.16255,1.16259
EUR/USD,20180906 20:31:57.425,1.16229,1.1623299999999999
EUR/USD,20180906 20:37:00.063,1.16245,1.16249
EUR/USD,20180906 20:42:01.155,1.16236,1.16239
EUR/USD,20180906 20:47:01.286,1.16229,1.16232
EUR/USD,20180906 20:52:03.199,1.1624,1.16245
EUR/USD,20180906 20:57:16.044,1.16242,1.16248
EUR/USD,20180906 21:02:16.166,1.16173,1.16235
EUR/USD,20180906 21:07:37.722,1.16194,1.16235
EUR/USD,20180906 21:12:39.189,1.1619899999999999,1.16236
EUR/USD,20180906 21:18:29.299,1.16221,1.1623299999999999
EUR/USD,20180906 21:24:08.467,1.16216,1.16224
EUR/USD,20180906 21:29:10.783,1.16222,1.1623299999999999
EUR/USD,20180906 21:34:19.211,1.1620700000000002,1.1624
EUR/USD,20180906 21:39:27.084,1.16218,1.16241
EUR/USD,20180906 21:44:31.366,1.16224,1.16238
EUR/USD,20180906 21:49:33.195,1.1621299999999999,1.1622299999999999
EUR/USD,20180906 21:54:42.618,1.16225,1.16242
EUR/USD,20180906 22:00:00.111,1.16226,1.16239
EUR/USD,20180906 22:05:01.015,1.16229,1.16235
EUR/USD,20180906 22:10:01.113,1.1623299999999999,1.16242
EUR/USD,20180906 22:15:07.575,1.1623299999999999,1.16246
EUR/USD,20180906 22:20:07.688,1.1623,1.1624
EUR/USD,20180906 22:25:27.488,1.16234,1.1624
EUR/USD,20180906 22:30:36.061,1.16229,1.16235
EUR/USD,20180906 22:35:36.426,1.16235,1.1624
EUR/USD,20180906 22:40:56.057,1.1624,1.16245
EUR/USD,20180906 22:45:57.956,1.1624299999999999,1.16246
EUR/USD,20180906 22:51:00.181,1.16242,1.16246
EUR/USD,20180906 22:56:00.260,1.16246,1.16252
EUR/USD,20180906 23:01:04.516,1.16246,1.16251
EUR/USD,20180906 23:06:05.287,1.1625,1.16254
EUR/USD,20180906 23:11:09.665,1.1625,1.16255
EUR/USD,20180906 23:16:10.878,1.16221,1.1622299999999999
EUR/USD,20180906 23:21:11.129,1.16222,1.16226
EUR/USD,20180906 23:26:13.056,1.16206,1.16212
EUR/USD,20180906 23:31:24.604,1.16209,1.1621299999999999
EUR/USD,20180906 23:36:25.235,1.16216,1.1622
EUR/USD,20180906 23:41:30.325,1.1622,1.16225
EUR/USD,20180906 23:46:31.126,1.16229,1.16232
EUR/USD,20180906 23:51:32.567,1.16232,1.16236
EUR/USD,20180906 23:56:45.114,1.16211,1.16215
EUR/USD,20180907 00:01:46.286,1.16214,1.16218
EUR/USD,20180907 00:06:47.494,1.16209,1.16216
EUR/USD,20180907 00:11:51.618,1.1616600000000001,1.1616799999999998
EUR/USD,20180907 00:16:51.923,1.16162,1.16163
EUR/USD,20180907 00:21:54.715,1.16174,1.1617600000000001
EUR/USD,20180907 00:27:02.045,1.16196,1.16202
EUR/USD,20180907 00:32:02.749,1.1616600000000001,1.16172
EUR/USD,20180907 00:37:11.137,1.16201,1.16206
EUR/USD,20180907 00:42:13.953,1.16203,1.16206
EUR/USD,20180907 00:47:15.463,1.1623,1.16234
EUR/USD,20180907 00:52:18.037,1.1619,1.16192
EUR/USD,20180907 00:57:18.192,1.16181,1.16185
EUR/USD,20180907 01:02:18.509,1.16206,1.16209
EUR/USD,20180907 01:07:19.417,1.1621299999999999,1.16216
EUR/USD,20180907 01:12:19.996,1.16196,1.16201
EUR/USD,20180907 01:17:21.890,1.16167,1.16169
EUR/USD,20180907 01:22:25.908,1.16162,1.16165
EUR/USD,20180907 01:27:26.634,1.16172,1.16174
EUR/USD,20180907 01:32:30.445,1.1618899999999999,1.16192
EUR/USD,20180907 01:37:34.505,1.16202,1.16204
EUR/USD,20180907 01:42:36.905,1.16236,1.16239
EUR/USD,20180907 01:47:41.140,1.16222,1.16226
EUR/USD,20180907 01:52:46.541,1.16232,1.16236
EUR/USD,20180907 01:57:47.287,1.16218,1.1622299999999999
EUR/USD,20180907 02:02:47.483,1.1624,1.1624299999999999
EUR/USD,20180907 02:07:49.636,1.16196,1.1619899999999999
EUR/USD,20180907 02:12:51.025,1.16216,1.16219
EUR/USD,20180907 02:17:51.839,1.16235,1.1623700000000001
EUR/USD,20180907 02:22:52.060,1.1624700000000001,1.1625
EUR/USD,20180907 02:27:52.202,1.16236,1.16241
EUR/USD,20180907 02:32:52.524,1.1623700000000001,1.1624
EUR/USD,20180907 02:38:01.526,1.16204,1.1621
EUR/USD,20180907 02:43:04.903,1.1621,1.16216
EUR/USD,20180907 02:48:06.296,1.16192,1.16194
EUR/USD,20180907 02:53:07.738,1.1620700000000002,1.16211
EUR/USD,20180907 02:58:08.158,1.16191,1.16194
EUR/USD,20180907 03:03:10.214,1.16191,1.16194
EUR/USD,20180907 03:08:10.810,1.16211,1.1621700000000001
EUR/USD,20180907 03:13:20.558,1.16216,1.16219
EUR/USD,20180907 03:18:21.871,1.1619899999999999,1.16203
EUR/USD,20180907 03:23:24.467,1.16195,1.162
EUR/USD,20180907 03:28:28.319,1.1618600000000001,1.16191
EUR/USD,20180907 03:33:31.266,1.1616600000000001,1.1617
EUR/USD,20180907 03:38:31.756,1.1617,1.16172
EUR/USD,20180907 03:43:38.235,1.1616600000000001,1.16167
EUR/USD,20180907 03:48:48.768,1.16195,1.1619700000000002
EUR/USD,20180907 03:53:50.339,1.16202,1.16204
EUR/USD,20180907 03:58:51.895,1.16229,1.1623
EUR/USD,20180907 04:03:53.028,1.16252,1.16257
EUR/USD,20180907 04:09:01.199,1.16256,1.1626
EUR/USD,20180907 04:14:04.382,1.16256,1.16262
EUR/USD,20180907 04:19:05.240,1.16255,1.16259
EUR/USD,20180907 04:24:05.327,1.16264,1.16267
EUR/USD,20180907 04:29:07.601,1.16259,1.16264
EUR/USD,20180907 04:34:18.120,1.16255,1.1626100000000001
EUR/USD,20180907 04:39:18.695,1.1627100000000001,1.1627399999999999
EUR/USD,20180907 04:44:20.478,1.1627100000000001,1.16277
EUR/USD,20180907 04:49:21.912,1.16255,1.16262
EUR/USD,20180907 04:54:27.558,1.1627100000000001,1.16277
EUR/USD,20180907 04:59:30.795,1.1628399999999999,1.16288
EUR/USD,20180907 05:04:32.203,1.16296,1.163
EUR/USD,20180907 05:09:35.894,1.1628100000000001,1.16285
EUR/USD,20180907 05:14:37.116,1.16277,1.1628100000000001
EUR/USD,20180907 05:19:37.819,1.16291,1.16293
EUR/USD,20180907 05:24:40.314,1.1628399999999999,1.16288
EUR/USD,20180907 05:29:52.879,1.16267,1.1627
EUR/USD,20180907 05:34:54.974,1.16266,1.1627
EUR/USD,20180907 05:39:55.116,1.1625,1.16252
EUR/USD,20180907 05:44:55.891,1.1624700000000001,1.1625
EUR/USD,20180907 05:50:00.219,1.1622700000000001,1.1623
EUR/USD,20180907 05:55:00.345,1.1623299999999999,1.16235
EUR/USD,20180907 06:00:00.547,1.1624299999999999,1.16246
EUR/USD,20180907 06:05:02.213,1.16175,1.1617899999999999
EUR/USD,20180907 06:10:02.217,1.1633799999999999,1.1634200000000001
EUR/USD,20180907 06:15:02.371,1.16347,1.16351
EUR/USD,20180907 06:20:04.281,1.1636,1.16362
EUR/USD,20180907 06:25:04.701,1.16371,1.16374
EUR/USD,20180907 06:30:04.719,1.16393,1.16396
EUR/USD,20180907 06:35:05.469,1.16362,1.1636600000000001
EUR/USD,20180907 06:40:05.557,1.16382,1.16384
EUR/USD,20180907 06:45:06.309,1.16381,1.16384
EUR/USD,20180907 06:50:08.243,1.16424,1.1642700000000001
EUR/USD,20180907 06:55:08.398,1.16406,1.1641
EUR/USD,20180907 07:00:08.841,1.16436,1.16438
EUR/USD,20180907 07:05:08.866,1.1641700000000001,1.16419
EUR/USD,20180907 07:10:09.163,1.16371,1.16373
EUR/USD,20180907 07:15:10.653,1.1633200000000001,1.16335
EUR/USD,20180907 07:20:10.997,1.16363,1.16365
EUR/USD,20180907 07:25:11.601,1.16422,1.16425
EUR/USD,20180907 07:30:13.997,1.16426,1.16431
EUR/USD,20180907 07:35:14.962,1.16396,1.1639899999999999
EUR/USD,20180907 07:40:18.773,1.1642299999999999,1.1642700000000001
EUR/USD,20180907 07:45:22.289,1.16402,1.16406
EUR/USD,20180907 07:50:29.890,1.16422,1.16425
EUR/USD,20180907 07:55:30.171,1.16412,1.16415
EUR/USD,20180907 08:00:30.560,1.1644700000000001,1.1645
EUR/USD,20180907 08:05:31.019,1.16456,1.16459
EUR/USD,20180907 08:10:31.428,1.16426,1.16428
EUR/USD,20180907 08:15:32.811,1.16452,1.16455
EUR/USD,20180907 08:20:34.266,1.1648100000000001,1.16483
EUR/USD,20180907 08:25:34.463,1.16446,1.16449
EUR/USD,20180907 08:30:36.825,1.16456,1.1646
EUR/USD,20180907 08:35:39.587,1.16459,1.16464
EUR/USD,20180907 08:40:43.062,1.16468,1.1647100000000001
EUR/USD,20180907 08:45:45.717,1.1646100000000001,1.1646299999999998
EUR/USD,20180907 08:50:46.930,1.16418,1.16422
EUR/USD,20180907 08:55:46.944,1.16422,1.16425
EUR/USD,20180907 09:00:49.952,1.16442,1.16444
EUR/USD,20180907 09:05:50.211,1.16431,1.1643299999999999
EUR/USD,20180907 09:10:52.508,1.16454,1.16457
EUR/USD,20180907 09:15:54.218,1.1647,1.16476
EUR/USD,20180907 09:21:04.144,1.16476,1.1648100000000001
EUR/USD,20180907 09:26:07.009,1.16446,1.1645
EUR/USD,20180907 09:31:10.691,1.16424,1.16426
EUR/USD,20180907 09:36:12.794,1.16436,1.16441
EUR/USD,20180907 09:41:14.294,1.16421,1.16425
EUR/USD,20180907 09:46:14.534,1.16429,1.16432
EUR/USD,20180907 09:51:14.615,1.1638899999999999,1.16393
EUR/USD,20180907 09:56:14.699,1.16354,1.1635799999999998
EUR/USD,20180907 10:01:18.127,1.16385,1.1638700000000002
EUR/USD,20180907 10:06:19.196,1.16327,1.16329
EUR/USD,20180907 10:11:24.543,1.16335,1.16337
EUR/USD,20180907 10:16:29.408,1.16331,1.16336
EUR/USD,20180907 10:21:30.512,1.1631,1.16313
EUR/USD,20180907 10:26:34.337,1.16296,1.16299
EUR/USD,20180907 10:31:35.679,1.16267,1.16269
EUR/USD,20180907 10:36:35.745,1.16306,1.1631
EUR/USD,20180907 10:41:37.541,1.16314,1.16319
EUR/USD,20180907 10:46:37.675,1.1635799999999998,1.16362
EUR/USD,20180907 10:51:38.094,1.1634,1.16344
EUR/USD,20180907 10:56:38.146,1.16245,1.16251
EUR/USD,20180907 11:01:38.607,1.1628,1.16283
EUR/USD,20180907 11:06:39.168,1.16246,1.16249
EUR/USD,20180907 11:11:40.948,1.16175,1.16178
EUR/USD,20180907 11:16:44.598,1.16191,1.16193
EUR/USD,20180907 11:21:48.987,1.1617899999999999,1.16183
EUR/USD,20180907 11:26:50.133,1.16133,1.16136
EUR/USD,20180907 11:31:50.170,1.16067,1.1607
EUR/USD,20180907 11:36:52.204,1.16075,1.16077
EUR/USD,20180907 11:41:53.014,1.16103,1.16106
EUR/USD,20180907 11:46:53.775,1.16105,1.16108
EUR/USD,20180907 11:51:54.760,1.16121,1.16124
EUR/USD,20180907 11:56:54.773,1.16133,1.16135
EUR/USD,20180907 12:02:00.740,1.16096,1.16099
EUR/USD,20180907 12:07:06.508,1.16152,1.16154
EUR/USD,20180907 12:12:08.211,1.16137,1.16139
EUR/USD,20180907 12:17:08.549,1.16157,1.16161
EUR/USD,20180907 12:22:08.554,1.16155,1.16159
EUR/USD,20180907 12:27:08.781,1.1613200000000001,1.16136
EUR/USD,20180907 12:32:08.790,1.15839,1.15844
EUR/USD,20180907 12:37:08.793,1.15809,1.15809
EUR/USD,20180907 12:42:08.796,1.1593,1.15934
EUR/USD,20180907 12:47:11.766,1.15838,1.15841
EUR/USD,20180907 12:52:11.983,1.1576,1.15763
EUR/USD,20180907 12:57:12.492,1.15683,1.15687
EUR/USD,20180907 13:02:12.740,1.1564299999999998,1.15645
EUR/USD,20180907 13:07:12.750,1.15685,1.15687
EUR/USD,20180907 13:12:14.751,1.1572,1.1572200000000001
EUR/USD,20180907 13:17:15.304,1.1572200000000001,1.15725
EUR/USD,20180907 13:22:15.407,1.1573200000000001,1.15735
EUR/USD,20180907 13:27:19.475,1.15724,1.15727
EUR/USD,20180907 13:32:19.527,1.15737,1.1574
EUR/USD,20180907 13:37:20.116,1.15832,1.15836
EUR/USD,20180907 13:42:21.101,1.15857,1.15859
EUR/USD,20180907 13:47:21.676,1.15791,1.15794
EUR/USD,20180907 13:52:21.948,1.15716,1.15717
EUR/USD,20180907 13:57:23.118,1.157,1.1570200000000002
EUR/USD,20180907 14:02:23.334,1.15828,1.15831
EUR/USD,20180907 14:07:24.210,1.15829,1.1583299999999999
EUR/USD,20180907 14:12:25.115,1.1584299999999998,1.15846
EUR/USD,20180907 14:17:25.761,1.15809,1.15812
EUR/USD,20180907 14:22:27.649,1.1576799999999998,1.15771
EUR/USD,20180907 14:27:27.875,1.1573799999999999,1.1574200000000001
EUR/USD,20180907 14:32:28.789,1.15757,1.15761
EUR/USD,20180907 14:37:29.108,1.15764,1.15767
EUR/USD,20180907 14:42:29.126,1.15765,1.1576899999999999
EUR/USD,20180907 14:47:31.967,1.1576799999999998,1.15771
EUR/USD,20180907 14:52:32.089,1.15857,1.15859
EUR/USD,20180907 14:57:32.211,1.15909,1.1591
EUR/USD,20180907 15:02:32.248,1.15793,1.15795
EUR/USD,20180907 15:07:32.277,1.1583299999999999,1.15839
EUR/USD,20180907 15:12:33.621,1.15783,1.1578899999999999
EUR/USD,20180907 15:17:33.626,1.15783,1.15788
EUR/USD,20180907 15:22:36.598,1.15761,1.15764
EUR/USD,20180907 15:27:36.892,1.15785,1.1578899999999999
EUR/USD,20180907 15:32:39.322,1.1574799999999998,1.15752
EUR/USD,20180907 15:37:39.585,1.15784,1.1578700000000002
EUR/USD,20180907 15:42:40.339,1.15735,1.1573799999999999
EUR/USD,20180907 15:47:41.321,1.1576799999999998,1.15771
EUR/USD,20180907 15:52:41.616,1.1574,1.15743
EUR/USD,20180907 15:57:42.633,1.15721,1.15723
EUR/USD,20180907 16:02:42.734,1.1567399999999999,1.15678
EUR/USD,20180907 16:07:45.040,1.15697,1.15701
EUR/USD,20180907 16:12:45.146,1.1568100000000001,1.15685
EUR/USD,20180907 16:17:45.277,1.1564299999999998,1.15646
EUR/USD,20180907 16:22:45.304,1.15672,1.15676
EUR/USD,20180907 16:27:45.674,1.15618,1.15622
EUR/USD,20180907 16:32:45.928,1.15582,1.15585
EUR/USD,20180907 16:37:48.922,1.1556600000000001,1.15571
EUR/USD,20180907 16:42:50.350,1.15575,1.1558
EUR/USD,20180907 16:47:51.366,1.15603,1.15606
EUR/USD,20180907 16:52:52.082,1.15591,1.15596
EUR/USD,20180907 16:57:52.739,1.15604,1.1560700000000002
EUR/USD,20180907 17:02:55.024,1.15609,1.15611
EUR/USD,20180907 17:07:56.449,1.15563,1.15565
EUR/USD,20180907 17:13:00.426,1.1555,1.15552
EUR/USD,20180907 17:18:00.552,1.1552799999999999,1.15531
EUR/USD,20180907 17:23:02.706,1.15555,1.15559
EUR/USD,20180907 17:28:05.378,1.15533,1.15537
EUR/USD,20180907 17:33:07.133,1.15549,1.15553
EUR/USD,20180907 17:38:07.940,1.15571,1.15575
EUR/USD,20180907 17:43:10.550,1.15578,1.15582
EUR/USD,20180907 17:48:12.804,1.15574,1.15577
EUR/USD,20180907 17:53:16.975,1.15594,1.1559700000000002
EUR/USD,20180907 17:58:18.211,1.15628,1.15631
EUR/USD,20180907 18:03:18.842,1.15603,1.1560700000000002
EUR/USD,20180907 18:08:19.255,1.15599,1.15601
EUR/USD,20180907 18:13:20.330,1.15626,1.15629
EUR/USD,20180907 18:18:21.336,1.15621,1.15626
EUR/USD,20180907 18:23:23.356,1.1563,1.15632
EUR/USD,20180907 18:28:23.509,1.15625,1.15628
EUR/USD,20180907 18:33:24.273,1.15654,1.15658
EUR/USD,20180907 18:38:27.149,1.15642,1.15645
EUR/USD,20180907 18:43:37.669,1.1562299999999999,1.15628
EUR/USD,20180907 18:48:44.570,1.15612,1.15616
EUR/USD,20180907 18:53:51.064,1.15621,1.1562700000000001
EUR/USD,20180907 18:58:52.758,1.1563700000000001,1.1564
EUR/USD,20180907 19:03:54.333,1.1562700000000001,1.15631
EUR/USD,20180907 19:08:54.873,1.15621,1.15625
EUR/USD,20180907 19:13:58.555,1.15624,1.15628
EUR/USD,20180907 19:18:59.078,1.1561299999999999,1.15615
EUR/USD,20180907 19:23:59.125,1.15608,1.15612
EUR/USD,20180907 19:29:00.123,1.15602,1.15606
EUR/USD,20180907 19:34:02.916,1.15593,1.1559700000000002
EUR/USD,20180907 19:39:11.975,1.1559700000000002,1.156
EUR/USD,20180907 19:44:15.872,1.15602,1.15606
EUR/USD,20180907 19:49:18.502,1.15602,1.1560700000000002
EUR/USD,20180907 19:54:21.025,1.15591,1.15591
EUR/USD,20180907 19:59:24.228,1.15594,1.1559700000000002
EUR/USD,20180907 20:04:24.350,1.15606,1.15609
EUR/USD,20180907 20:09:24.925,1.15598,1.15604
EUR/USD,20180907 20:14:27.535,1.15598,1.15601
EUR/USD,20180907 20:19:32.881,1.15594,1.156
EUR/USD,20180907 20:24:35.659,1.1558700000000002,1.15593
EUR/USD,20180907 20:29:35.973,1.15593,1.15596
EUR/USD,20180907 20:34:45.887,1.15582,1.15588
EUR/USD,20180907 20:39:54.610,1.1556899999999999,1.15574
EUR/USD,20180907 20:45:00.056,1.1556,1.15565
EUR/USD,20180907 20:50:00.059,1.15544,1.1555
EUR/USD,20180907 20:55:00.075,1.15539,1.15545
EUR/USD,20180909 21:03:07.235,1.15457,1.1555799999999998
EUR/USD,20180909 21:08:08.637,1.15499,1.1553
EUR/USD,20180909 21:13:10.416,1.15509,1.15533
EUR/USD,20180909 21:18:10.458,1.1548,1.15493
EUR/USD,20180909 21:23:10.891,1.15507,1.1552200000000001
EUR/USD,20180909 21:28:17.225,1.15507,1.15524
EUR/USD,20180909 21:33:38.503,1.15523,1.1553799999999999
EUR/USD,20180909 21:38:39.311,1.15524,1.15539
EUR/USD,20180909 21:43:40.726,1.15521,1.15536
EUR/USD,20180909 21:48:41.316,1.15504,1.15517
EUR/USD,20180909 21:53:46.419,1.15511,1.1552200000000001
EUR/USD,20180909 21:58:56.479,1.15506,1.15521
EUR/USD,20180909 22:04:12.388,1.15514,1.15521
EUR/USD,20180909 22:09:19.288,1.15527,1.1553200000000001
EUR/USD,20180909 22:14:25.574,1.1555600000000001,1.15563
EUR/USD,20180909 22:19:30.128,1.15575,1.15581
EUR/USD,20180909 22:24:32.358,1.1559,1.15596
EUR/USD,20180909 22:29:33.077,1.1556899999999999,1.15575
EUR/USD,20180909 22:34:33.953,1.15575,1.15582
EUR/USD,20180909 22:39:35.721,1.15563,1.1556799999999998
EUR/USD,20180909 22:44:36.813,1.15563,1.15567
EUR/USD,20180909 22:49:37.282,1.15557,1.1556
EUR/USD,20180909 22:54:57.336,1.1556600000000001,1.1557
EUR/USD,20180909 23:00:00.549,1.15549,1.15555
EUR/USD,20180909 23:05:01.414,1.15551,1.15555
EUR/USD,20180909 23:10:03.840,1.15554,1.15561
EUR/USD,20180909 23:15:04.197,1.1557600000000001,1.1557899999999999
EUR/USD,20180909 23:20:07.758,1.15578,1.1558
EUR/USD,20180909 23:25:35.607,1.15582,1.1558700000000002
EUR/USD,20180909 23:31:01.163,1.15583,1.15586
EUR/USD,20180909 23:36:03.182,1.15572,1.15574
EUR/USD,20180909 23:41:14.885,1.1555600000000001,1.15561
EUR/USD,20180909 23:46:18.741,1.15565,1.1557
EUR/USD,20180909 23:51:20.789,1.15592,1.15595
EUR/USD,20180909 23:56:21.105,1.15596,1.15601
EUR/USD,20180910 00:01:21.367,1.15586,1.1559
EUR/USD,20180910 00:06:26.073,1.15598,1.15603
EUR/USD,20180910 00:11:29.306,1.15583,1.1558700000000002
EUR/USD,20180910 00:16:47.465,1.15584,1.15588
EUR/USD,20180910 00:21:48.692,1.15588,1.15593
EUR/USD,20180910 00:27:02.494,1.15582,1.1558899999999999
EUR/USD,20180910 00:32:05.946,1.1557600000000001,1.1557899999999999
EUR/USD,20180910 00:37:06.213,1.15573,1.15575
EUR/USD,20180910 00:42:06.577,1.15555,1.15559
EUR/USD,20180910 00:47:06.586,1.15581,1.15583
EUR/USD,20180910 00:52:08.924,1.15631,1.15634
EUR/USD,20180910 00:57:09.954,1.1562,1.15621
EUR/USD,20180910 01:02:16.528,1.1562299999999999,1.15628
EUR/USD,20180910 01:07:19.918,1.15603,1.1560700000000002
EUR/USD,20180910 01:12:22.793,1.1559700000000002,1.156
EUR/USD,20180910 01:17:22.877,1.15616,1.15619
EUR/USD,20180910 01:22:24.279,1.15581,1.15584
EUR/USD,20180910 01:27:37.305,1.1559,1.15594
EUR/USD,20180910 01:32:42.156,1.15604,1.1560700000000002
EUR/USD,20180910 01:37:43.700,1.1557600000000001,1.1557899999999999
EUR/USD,20180910 01:42:49.248,1.15565,1.1556799999999998
EUR/USD,20180910 01:47:50.327,1.15544,1.15547
EUR/USD,20180910 01:52:51.616,1.1553799999999999,1.15541
EUR/USD,20180910 01:57:53.236,1.1553200000000001,1.15535
EUR/USD,20180910 02:02:55.887,1.1552,1.15524
EUR/USD,20180910 02:07:56.630,1.15504,1.15507
EUR/USD,20180910 02:12:58.476,1.15515,1.15519
EUR/USD,20180910 02:18:01.231,1.15544,1.15549
EUR/USD,20180910 02:23:04.118,1.15536,1.1554200000000001
EUR/USD,20180910 02:28:09.453,1.1551799999999999,1.15523
EUR/USD,20180910 02:33:10.232,1.1552200000000001,1.15526
EUR/USD,20180910 02:38:11.416,1.15526,1.1553
EUR/USD,20180910 02:43:12.709,1.15516,1.15519
EUR/USD,20180910 02:48:13.565,1.15501,1.15505
EUR/USD,20180910 02:53:14.009,1.1549399999999999,1.15499
EUR/USD,20180910 02:58:23.616,1.15519,1.15524
EUR/USD,20180910 03:03:23.628,1.15483,1.15486
EUR/USD,20180910 03:08:24.260,1.15515,1.15519
EUR/USD,20180910 03:13:24.704,1.15505,1.1551
EUR/USD,20180910 03:18:29.341,1.15475,1.15478
EUR/USD,20180910 03:23:32.549,1.1548100000000001,1.1548399999999999
EUR/USD,20180910 03:28:36.184,1.15485,1.15489
EUR/USD,20180910 03:33:41.987,1.15495,1.15498
EUR/USD,20180910 03:38:48.756,1.15495,1.15499
EUR/USD,20180910 03:43:48.962,1.15457,1.1546
EUR/USD,20180910 03:48:49.628,1.15456,1.1546
EUR/USD,20180910 03:53:51.473,1.15441,1.15444
EUR/USD,20180910 03:58:52.014,1.1543700000000001,1.1544
EUR/USD,20180910 04:03:52.242,1.1544,1.1544299999999998
EUR/USD,20180910 04:08:54.355,1.15432,1.15434
EUR/USD,20180910 04:14:01.410,1.15428,1.15432
EUR/USD,20180910 04:19:01.564,1.15418,1.15422
EUR/USD,20180910 04:24:02.772,1.15421,1.15426
EUR/USD,20180910 04:29:08.195,1.15436,1.1544
EUR/USD,20180910 04:34:09.350,1.1543700000000001,1.15441
EUR/USD,20180910 04:39:09.392,1.15445,1.15448
EUR/USD,20180910 04:44:34.210,1.15446,1.1545
EUR/USD,20180910 04:49:37.158,1.15447,1.1545
EUR/USD,20180910 04:54:46.105,1.1543299999999999,1.1543700000000001
EUR/USD,20180910 04:59:48.150,1.15467,1.1547100000000001
EUR/USD,20180910 05:04:54.040,1.1547,1.15472
EUR/USD,20180910 05:09:54.821,1.15462,1.1546399999999999
EUR/USD,20180910 05:14:57.103,1.1547399999999999,1.15478
EUR/USD,20180910 05:20:01.653,1.15479,1.1548200000000002
EUR/USD,20180910 05:25:07.862,1.1547100000000001,1.15476
EUR/USD,20180910 05:30:08.309,1.15472,1.15476
EUR/USD,20180910 05:35:13.844,1.1547100000000001,1.15476
EUR/USD,20180910 05:43:23.677,1.15457,1.15459
EUR/USD,20180910 05:48:31.725,1.1546299999999998,1.15466
EUR/USD,20180910 05:53:32.006,1.15475,1.1548
EUR/USD,20180910 05:58:32.335,1.15506,1.1551
EUR/USD,20180910 06:03:32.698,1.15483,1.15486
EUR/USD,20180910 06:08:32.783,1.15472,1.1547399999999999
EUR/USD,20180910 06:13:32.908,1.15478,1.15483
EUR/USD,20180910 06:18:32.936,1.15504,1.1551
EUR/USD,20180910 06:23:34.028,1.15521,1.15525
EUR/USD,20180910 06:28:40.206,1.15529,1.1553
EUR/USD,20180910 06:33:42.211,1.15516,1.1552200000000001
EUR/USD,20180910 06:38:44.616,1.15483,1.15486
EUR/USD,20180910 06:43:47.323,1.1545,1.1545299999999998
EUR/USD,20180910 06:48:51.381,1.15346,1.1535
EUR/USD,20180910 06:54:00.241,1.15326,1.1533
EUR/USD,20180910 06:59:00.477,1.15325,1.15329
EUR/USD,20180910 07:04:01.119,1.15363,1.15365
EUR/USD,20180910 07:09:05.982,1.1541,1.15414
EUR/USD,20180910 07:14:07.024,1.15414,1.15416
EUR/USD,20180910 07:19:09.906,1.15442,1.15446
EUR/USD,20180910 07:24:11.311,1.1547,1.15475
EUR/USD,20180910 07:29:11.448,1.1549200000000002,1.15495
EUR/USD,20180910 07:34:13.541,1.15505,1.15507
EUR/USD,20180910 07:39:14.219,1.15563,1.15564
EUR/USD,20180910 07:44:17.975,1.1555799999999998,1.1556
EUR/USD,20180910 07:49:18.217,1.15628,1.15634
EUR/USD,20180910 07:54:19.054,1.1562299999999999,1.15626
EUR/USD,20180910 07:59:19.061,1.1566,1.1566299999999998
EUR/USD,20180910 08:04:19.080,1.1563700000000001,1.15641
EUR/USD,20180910 08:09:20.121,1.15654,1.15657
EUR/USD,20180910 08:14:26.272,1.15665,1.15669
EUR/USD,20180910 08:19:26.413,1.15646,1.1565
EUR/USD,20180910 08:24:26.773,1.15691,1.15693
EUR/USD,20180910 08:29:27.102,1.15648,1.15652
EUR/USD,20180910 08:34:28.196,1.15641,1.15645
EUR/USD,20180910 08:39:28.229,1.1563,1.1563299999999999
EUR/USD,20180910 08:44:28.769,1.15657,1.1566299999999998
EUR/USD,20180910 08:49:28.829,1.1569200000000002,1.15695
EUR/USD,20180910 08:54:34.464,1.15687,1.1569
EUR/USD,20180910 08:59:34.896,1.15705,1.1570799999999999
EUR/USD,20180910 09:04:35.041,1.1573,1.15733
EUR/USD,20180910 09:09:36.818,1.15741,1.15743
EUR/USD,20180910 09:14:37.574,1.15771,1.15774
EUR/USD,20180910 09:19:38.025,1.15782,1.15784
EUR/USD,20180910 09:24:38.616,1.1577899999999999,1.15782
EUR/USD,20180910 09:29:38.977,1.15842,1.15846
EUR/USD,20180910 09:34:40.785,1.158,1.15804
EUR/USD,20180910 09:39:43.078,1.15777,1.15781
EUR/USD,20180910 09:44:48.813,1.15794,1.1579700000000002
EUR/USD,20180910 09:49:51.773,1.1576600000000001,1.1576899999999999
EUR/USD,20180910 09:54:54.946,1.15754,1.15757
EUR/USD,20180910 09:59:55.130,1.15765,1.1576899999999999
EUR/USD,20180910 10:05:07.134,1.15744,1.1574799999999998
EUR/USD,20180910 10:10:08.955,1.15762,1.1576600000000001
EUR/USD,20180910 10:15:09.215,1.15788,1.15792
EUR/USD,20180910 10:20:14.451,1.15763,1.1576899999999999
EUR/USD,20180910 10:25:14.767,1.1577,1.15775
EUR/USD,20180910 10:30:15.305,1.15744,1.1574799999999998
EUR/USD,20180910 10:35:20.219,1.15751,1.15754
EUR/USD,20180910 10:40:20.704,1.1577,1.15773
EUR/USD,20180910 10:45:20.831,1.15761,1.15764
EUR/USD,20180910 10:50:21.929,1.1572799999999999,1.15734
EUR/USD,20180910 10:55:27.551,1.15735,1.15736
EUR/USD,20180910 11:00:28.627,1.15757,1.15761
EUR/USD,20180910 11:05:32.716,1.1573,1.15734
EUR/USD,20180910 11:10:33.037,1.15711,1.15714
EUR/USD,20180910 11:15:33.089,1.15752,1.15753
EUR/USD,20180910 11:20:36.710,1.15744,1.1575
EUR/USD,20180910 11:25:43.653,1.15746,1.1575
EUR/USD,20180910 11:30:52.158,1.15724,1.1573
EUR/USD,20180910 11:35:52.176,1.15744,1.1574799999999998
EUR/USD,20180910 11:40:52.811,1.15741,1.15744
EUR/USD,20180910 11:45:57.840,1.15752,1.15757
EUR/USD,20180910 11:50:58.224,1.15782,1.15784
EUR/USD,20180910 11:55:58.346,1.15761,1.15762
EUR/USD,20180910 12:01:00.157,1.15707,1.1571200000000001
EUR/USD,20180910 12:06:00.962,1.15703,1.15705
EUR/USD,20180910 12:11:04.944,1.15716,1.15719
EUR/USD,20180910 12:16:06.657,1.1572200000000001,1.15723
EUR/USD,20180910 12:21:07.259,1.15705,1.15709
EUR/USD,20180910 12:26:21.843,1.15759,1.15762
EUR/USD,20180910 12:31:22.299,1.15771,1.15775
EUR/USD,20180910 12:36:24.021,1.15788,1.15791
EUR/USD,20180910 12:41:24.458,1.15793,1.1579700000000002
EUR/USD,20180910 12:46:24.616,1.15814,1.1581700000000001
EUR/USD,20180910 12:51:27.061,1.15848,1.1585299999999998
EUR/USD,20180910 12:56:27.241,1.15921,1.15925
EUR/USD,20180910 13:01:27.427,1.1611200000000002,1.1611799999999999
EUR/USD,20180910 13:06:34.688,1.16075,1.16079
EUR/USD,20180910 13:11:35.321,1.1610200000000002,1.16106
EUR/USD,20180910 13:16:36.547,1.1604,1.1604299999999999
EUR/USD,20180910 13:21:37.053,1.16048,1.16052
EUR/USD,20180910 13:26:37.195,1.16052,1.16056
EUR/USD,20180910 13:31:38.224,1.16035,1.16035
EUR/USD,20180910 13:36:38.227,1.1599899999999999,1.16
EUR/USD,20180910 13:41:38.603,1.1602299999999999,1.16026
EUR/USD,20180910 13:46:39.846,1.15985,1.15988
EUR/USD,20180910 13:51:40.007,1.15996,1.1599899999999999
EUR/USD,20180910 13:56:41.857,1.1603,1.1603299999999999
EUR/USD,20180910 14:01:43.254,1.15981,1.15985
EUR/USD,20180910 14:06:45.733,1.16019,1.16022
EUR/USD,20180910 14:11:46.258,1.16054,1.16058
EUR/USD,20180910 14:16:46.374,1.1608399999999999,1.16086
EUR/USD,20180910 14:21:46.477,1.16054,1.16057
EUR/USD,20180910 14:26:46.594,1.16068,1.1607100000000001
EUR/USD,20180910 14:31:49.097,1.16069,1.16072
EUR/USD,20180910 14:36:49.702,1.16098,1.16101
EUR/USD,20180910 14:41:49.726,1.1609399999999999,1.16098
EUR/USD,20180910 14:46:49.867,1.16107,1.16109
EUR/USD,20180910 14:51:52.883,1.16098,1.16099
EUR/USD,20180910 14:56:53.090,1.1608399999999999,1.16088
EUR/USD,20180910 15:01:53.090,1.16049,1.1605
EUR/USD,20180910 15:06:53.554,1.16056,1.16059
EUR/USD,20180910 15:11:59.664,1.1603299999999999,1.16038
EUR/USD,20180910 15:16:59.711,1.1606,1.1606299999999998
EUR/USD,20180910 15:21:59.767,1.16056,1.16059
EUR/USD,20180910 15:26:59.960,1.1608399999999999,1.16088
EUR/USD,20180910 15:32:02.751,1.16034,1.16039
EUR/USD,20180910 15:37:03.103,1.1603299999999999,1.16035
EUR/USD,20180910 15:42:03.899,1.16031,1.1603299999999999
EUR/USD,20180910 15:47:03.964,1.16051,1.16054
EUR/USD,20180910 15:52:04.337,1.1606299999999998,1.16065
EUR/USD,20180910 15:57:08.364,1.1603,1.16034
EUR/USD,20180910 16:02:08.760,1.16008,1.1601
EUR/USD,20180910 16:07:11.421,1.16032,1.16035
EUR/USD,20180910 16:12:16.917,1.1604299999999999,1.1604700000000001
EUR/USD,20180910 16:17:17.064,1.16015,1.1601700000000001
EUR/USD,20180910 16:22:23.156,1.1602,1.16024
EUR/USD,20180910 16:27:26.400,1.16015,1.1601700000000001
EUR/USD,20180910 16:32:26.656,1.1601299999999999,1.16016
EUR/USD,20180910 16:37:28.989,1.16003,1.16005
EUR/USD,20180910 16:42:33.231,1.1600700000000002,1.16009
EUR/USD,20180910 16:47:35.332,1.16029,1.16034
EUR/USD,20180910 16:52:37.094,1.16045,1.1604700000000001
EUR/USD,20180910 16:57:43.232,1.16045,1.16049
EUR/USD,20180910 17:02:43.873,1.1602299999999999,1.16026
EUR/USD,20180910 17:07:43.909,1.16022,1.1602299999999999
EUR/USD,20180910 17:12:46.999,1.16004,1.16006
EUR/USD,20180910 17:17:47.054,1.15983,1.1598700000000002
EUR/USD,20180910 17:22:47.063,1.15985,1.15988
EUR/USD,20180910 17:27:47.271,1.15964,1.1596799999999998
EUR/USD,20180910 17:32:58.955,1.15982,1.1598700000000002
EUR/USD,20180910 17:38:04.324,1.16,1.16004
EUR/USD,20180910 17:43:04.546,1.16002,1.16005
EUR/USD,20180910 17:48:09.300,1.15982,1.15984
EUR/USD,20180910 17:53:11.683,1.1596799999999998,1.15972
EUR/USD,20180910 17:58:11.717,1.15977,1.1597899999999999
EUR/USD,20180910 18:03:12.522,1.15949,1.15953
EUR/USD,20180910 18:08:12.614,1.15972,1.15975
EUR/USD,20180910 18:13:13.025,1.15973,1.15977
EUR/USD,20180910 18:18:13.052,1.15961,1.15965
EUR/USD,20180910 18:23:13.974,1.15967,1.1597
EUR/USD,20180910 18:28:42.051,1.15962,1.1596799999999998
EUR/USD,20180910 18:33:43.644,1.15953,1.1595799999999998
EUR/USD,20180910 18:38:45.054,1.15949,1.15953
EUR/USD,20180910 18:43:50.076,1.1596899999999999,1.15972
EUR/USD,20180910 18:48:51.925,1.15964,1.15967
EUR/USD,20180910 18:53:52.468,1.15944,1.15947
EUR/USD,20180910 18:58:58.896,1.15957,1.1596
EUR/USD,20180910 19:04:02.197,1.15962,1.15964
EUR/USD,20180910 19:09:10.273,1.15963,1.15967
EUR/USD,20180910 19:14:18.956,1.15964,1.1596899999999999
EUR/USD,20180910 19:19:20.490,1.1594799999999998,1.15952
EUR/USD,20180910 19:24:20.581,1.15943,1.15947
EUR/USD,20180910 19:29:24.316,1.15949,1.15953
EUR/USD,20180910 19:34:26.240,1.15935,1.1593799999999999
EUR/USD,20180910 19:39:26.527,1.15941,1.15944
EUR/USD,20180910 19:44:30.577,1.1594200000000001,1.15945
EUR/USD,20180910 19:49:38.198,1.15946,1.1595
EUR/USD,20180910 19:54:47.750,1.15945,1.15949
EUR/USD,20180910 19:59:48.459,1.15955,1.1595799999999998
EUR/USD,20180910 20:04:51.813,1.1595600000000001,1.1596
EUR/USD,20180910 20:09:52.103,1.15963,1.1596799999999998
EUR/USD,20180910 20:14:54.117,1.1595600000000001,1.15959
EUR/USD,20180910 20:20:00.895,1.15964,1.1596600000000001
EUR/USD,20180910 20:25:08.448,1.15971,1.15974
EUR/USD,20180910 20:30:08.519,1.1597899999999999,1.15983
EUR/USD,20180910 20:35:11.288,1.1596899999999999,1.15972
EUR/USD,20180910 20:40:11.798,1.15967,1.1596899999999999
EUR/USD,20180910 20:45:12.502,1.15962,1.1596799999999998
EUR/USD,20180910 20:50:18.864,1.15953,1.15962
EUR/USD,20180910 20:55:28.909,1.1594799999999998,1.15954
EUR/USD,20180910 21:00:30.318,1.15904,1.15963
EUR/USD,20180910 21:05:41.190,1.15934,1.1596
EUR/USD,20180910 21:10:59.334,1.15946,1.15975
EUR/USD,20180910 21:16:00.505,1.15953,1.15967
EUR/USD,20180910 21:21:26.510,1.15953,1.15974
EUR/USD,20180910 21:27:14.877,1.15953,1.15965
EUR/USD,20180910 21:32:17.788,1.15939,1.15972
EUR/USD,20180910 21:37:37.646,1.1594,1.15962
EUR/USD,20180910 21:43:44.755,1.15939,1.15957
EUR/USD,20180910 21:48:54.643,1.15967,1.1598
EUR/USD,20180910 21:53:54.712,1.15963,1.1597899999999999
EUR/USD,20180910 21:59:05.582,1.1595600000000001,1.1596799999999998
EUR/USD,20180910 22:04:06.126,1.15957,1.15962
EUR/USD,20180910 22:09:08.430,1.15951,1.1595600000000001
EUR/USD,20180910 22:14:18.273,1.15941,1.15947
EUR/USD,20180910 22:19:25.098,1.15936,1.15945
EUR/USD,20180910 22:24:29.994,1.15944,1.15949
EUR/USD,20180910 22:29:34.758,1.15931,1.1593799999999999
EUR/USD,20180910 22:34:36.499,1.1594799999999998,1.15953
EUR/USD,20180910 22:39:41.651,1.15944,1.15949
EUR/USD,20180910 22:44:53.079,1.15939,1.15943
EUR/USD,20180910 22:50:07.236,1.15936,1.15941
EUR/USD,20180910 22:55:13.734,1.1594200000000001,1.15949
EUR/USD,20180910 23:00:14.083,1.15941,1.15945
EUR/USD,20180910 23:05:32.850,1.15944,1.15949
EUR/USD,20180910 23:10:34.184,1.15944,1.1594799999999998
EUR/USD,20180910 23:16:02.956,1.1593799999999999,1.1594200000000001
EUR/USD,20180910 23:21:18.910,1.15943,1.15947
EUR/USD,20180910 23:26:20.700,1.15945,1.1594799999999998
EUR/USD,20180910 23:31:30.826,1.15953,1.1595799999999998
EUR/USD,20180910 23:36:36.639,1.1594200000000001,1.15946
EUR/USD,20180910 23:41:41.234,1.15945,1.1595
EUR/USD,20180910 23:46:41.961,1.15947,1.15951
EUR/USD,20180910 23:51:48.129,1.15943,1.15946
EUR/USD,20180910 23:56:56.114,1.1593799999999999,1.15943
EUR/USD,20180911 00:02:00.646,1.15927,1.1593200000000001
EUR/USD,20180911 00:07:11.752,1.15937,1.15941
EUR/USD,20180911 00:12:13.883,1.15939,1.15941
EUR/USD,20180911 00:17:15.191,1.15933,1.1593799999999999
EUR/USD,20180911 00:22:23.572,1.15947,1.15954
EUR/USD,20180911 00:27:27.352,1.15931,1.1593799999999999
EUR/USD,20180911 00:32:34.253,1.15933,1.15939
EUR/USD,20180911 00:37:39.071,1.15949,1.15952
EUR/USD,20180911 00:42:45.372,1.15933,1.15937
EUR/USD,20180911 00:47:57.594,1.1593200000000001,1.1593799999999999
EUR/USD,20180911 00:52:58.048,1.15972,1.1597600000000001
EUR/USD,20180911 00:57:58.180,1.1591,1.15911
EUR/USD,20180911 01:02:59.649,1.15891,1.15897
EUR/USD,20180911 01:08:01.588,1.1586299999999998,1.15866
EUR/USD,20180911 01:13:04.888,1.15847,1.1585
EUR/USD,20180911 01:18:11.211,1.1587100000000001,1.15877
EUR/USD,20180911 01:23:12.942,1.1581700000000001,1.15821
EUR/USD,20180911 01:28:13.083,1.15832,1.15835
EUR/USD,20180911 01:33:19.470,1.15851,1.15856
EUR/USD,20180911 01:38:29.592,1.1584299999999998,1.15846
EUR/USD,20180911 01:43:30.083,1.15784,1.15788
EUR/USD,20180911 01:48:31.957,1.15824,1.1582700000000001
EUR/USD,20180911 01:53:32.743,1.15828,1.15834
EUR/USD,20180911 01:58:34.859,1.15848,1.15851
EUR/USD,20180911 02:03:40.728,1.15859,1.15864
EUR/USD,20180911 02:08:41.937,1.15852,1.15854
EUR/USD,20180911 02:13:43.332,1.15887,1.15891
EUR/USD,20180911 02:18:48.688,1.15879,1.15883
EUR/USD,20180911 02:23:51.934,1.1586,1.15864
EUR/USD,20180911 02:28:53.295,1.1585299999999998,1.15858
EUR/USD,20180911 02:34:04.106,1.15838,1.15844
EUR/USD,20180911 02:39:07.440,1.15854,1.15857
EUR/USD,20180911 02:44:11.496,1.15836,1.1584
EUR/USD,20180911 02:49:11.846,1.1586,1.1586299999999998
EUR/USD,20180911 02:54:11.846,1.1588200000000002,1.15885
EUR/USD,20180911 02:59:13.044,1.1589,1.15893
EUR/USD,20180911 03:04:13.524,1.15909,1.15914
EUR/USD,20180911 03:09:16.994,1.15909,1.15913
EUR/USD,20180911 03:14:18.628,1.1593,1.15935
EUR/USD,20180911 03:19:22.262,1.15925,1.15927
EUR/USD,20180911 03:24:24.216,1.15995,1.1599700000000002
EUR/USD,20180911 03:29:27.495,1.15973,1.15977
EUR/USD,20180911 03:34:27.941,1.1597,1.15974
EUR/USD,20180911 03:39:28.666,1.15988,1.15992
EUR/USD,20180911 03:44:37.375,1.1596899999999999,1.15974
EUR/USD,20180911 03:49:39.137,1.1599,1.15994
EUR/USD,20180911 03:54:41.610,1.1597899999999999,1.15984
EUR/USD,20180911 03:59:59.860,1.1598,1.15984
EUR/USD,20180911 04:05:00.646,1.15983,1.15988
EUR/USD,20180911 04:10:06.884,1.15982,1.1598600000000001
EUR/USD,20180911 04:15:13.427,1.15988,1.15992
EUR/USD,20180911 04:20:21.674,1.15985,1.1598700000000002
EUR/USD,20180911 04:25:22.538,1.16001,1.16002
EUR/USD,20180911 04:30:24.787,1.1599700000000002,1.16002
EUR/USD,20180911 04:35:24.983,1.15998,1.16002
EUR/USD,20180911 04:40:28.846,1.16009,1.1601299999999999
EUR/USD,20180911 04:45:30.694,1.16031,1.1603700000000001
EUR/USD,20180911 04:50:31.437,1.16029,1.1603299999999999
EUR/USD,20180911 04:55:33.501,1.1602299999999999,1.16026
EUR/USD,20180911 05:00:35.362,1.16006,1.1601
EUR/USD,20180911 05:05:39.710,1.15991,1.15994
EUR/USD,20180911 05:10:40.784,1.15995,1.1599899999999999
EUR/USD,20180911 05:15:43.117,1.15992,1.15996
EUR/USD,20180911 05:20:45.272,1.15995,1.1599700000000002
EUR/USD,20180911 05:25:52.559,1.1597600000000001,1.15982
EUR/USD,20180911 05:30:53.532,1.1598600000000001,1.1598899999999999
EUR/USD,20180911 05:36:00.730,1.15994,1.15998
EUR/USD,20180911 05:41:02.135,1.1608100000000001,1.1608399999999999
EUR/USD,20180911 05:46:02.330,1.16075,1.16078
EUR/USD,20180911 05:51:02.778,1.16123,1.1612799999999999
EUR/USD,20180911 05:56:04.962,1.16093,1.16099
EUR/USD,20180911 06:01:05.733,1.16089,1.16093
EUR/USD,20180911 06:06:06.642,1.16143,1.16146
EUR/USD,20180911 06:11:10.723,1.1613799999999999,1.16139
EUR/USD,20180911 06:16:15.806,1.1612200000000001,1.16124
EUR/USD,20180911 06:21:16.145,1.1618,1.16182
EUR/USD,20180911 06:26:17.334,1.16172,1.1617600000000001
EUR/USD,20180911 06:31:17.716,1.16215,1.1621700000000001
EUR/USD,20180911 06:36:20.091,1.162,1.16204
EUR/USD,20180911 06:41:20.259,1.16184,1.16188
EUR/USD,20180911 06:46:20.367,1.1622,1.16222
EUR/USD,20180911 06:51:21.117,1.1626100000000001,1.16264
EUR/USD,20180911 06:56:22.755,1.16266,1.16269
EUR/USD,20180911 07:01:23.186,1.16255,1.16257
EUR/USD,20180911 07:06:23.782,1.16252,1.16254
EUR/USD,20180911 07:11:24.867,1.16321,1.16325
EUR/USD,20180911 07:16:25.432,1.16345,1.16349
EUR/USD,20180911 07:21:26.730,1.16394,1.16396
EUR/USD,20180911 07:26:30.166,1.1638,1.16383
EUR/USD,20180911 07:31:30.411,1.1638700000000002,1.1639
EUR/USD,20180911 07:36:30.596,1.16365,1.16367
EUR/USD,20180911 07:41:32.447,1.16371,1.16375
EUR/USD,20180911 07:46:33.119,1.16326,1.1632799999999999
EUR/USD,20180911 07:51:34.457,1.16323,1.16327
EUR/USD,20180911 07:56:34.674,1.16301,1.16304
EUR/USD,20180911 08:01:35.111,1.1632799999999999,1.1633200000000001
EUR/USD,20180911 08:06:35.750,1.16321,1.1632200000000001
EUR/USD,20180911 08:11:36.090,1.16285,1.16288
EUR/USD,20180911 08:16:36.392,1.1627100000000001,1.1627399999999999
EUR/USD,20180911 08:21:38.106,1.16256,1.16259
EUR/USD,20180911 08:26:43.098,1.16256,1.1626
EUR/USD,20180911 08:31:43.850,1.1627299999999998,1.16277
EUR/USD,20180911 08:36:44.681,1.1622,1.16222
EUR/USD,20180911 08:41:47.405,1.16216,1.16218
EUR/USD,20180911 08:46:47.814,1.16175,1.16178
EUR/USD,20180911 08:51:49.439,1.16133,1.16137
EUR/USD,20180911 08:56:51.324,1.16144,1.1614799999999998
EUR/USD,20180911 09:01:52.293,1.1613200000000001,1.16134
EUR/USD,20180911 09:06:56.854,1.16123,1.16124
EUR/USD,20180911 09:11:57.072,1.16101,1.16105
EUR/USD,20180911 09:16:57.954,1.16085,1.16088
EUR/USD,20180911 09:21:58.105,1.16104,1.16108
EUR/USD,20180911 09:27:00.892,1.1607299999999998,1.16076
EUR/USD,20180911 09:32:03.115,1.16064,1.16067
EUR/USD,20180911 09:37:09.209,1.16049,1.1605299999999998
EUR/USD,20180911 09:42:09.290,1.16056,1.1606100000000001
EUR/USD,20180911 09:47:09.318,1.1605,1.16054
EUR/USD,20180911 09:52:11.201,1.1597600000000001,1.1598
EUR/USD,20180911 09:57:11.264,1.1599899999999999,1.16003
EUR/USD,20180911 10:02:12.228,1.15964,1.1596600000000001
EUR/USD,20180911 10:07:12.914,1.15933,1.15936
EUR/USD,20180911 10:12:18.769,1.15924,1.1592799999999999
EUR/USD,20180911 10:17:20.791,1.15929,1.15931
EUR/USD,20180911 10:22:26.100,1.1591799999999999,1.1592200000000001
EUR/USD,20180911 10:27:28.907,1.1588200000000002,1.1588399999999999
EUR/USD,20180911 10:32:29.672,1.1581700000000001,1.15821
EUR/USD,20180911 10:37:29.885,1.15796,1.1579899999999999
EUR/USD,20180911 10:42:30.118,1.15808,1.15811
EUR/USD,20180911 10:47:30.897,1.15834,1.15838
EUR/USD,20180911 10:52:31.522,1.15834,1.1583700000000001
EUR/USD,20180911 10:57:31.611,1.15867,1.1587
EUR/USD,20180911 11:02:33.986,1.15825,1.15828
EUR/USD,20180911 11:07:35.275,1.15832,1.15836
EUR/USD,20180911 11:12:35.316,1.15829,1.15831
EUR/USD,20180911 11:17:38.168,1.15838,1.1584299999999998
EUR/USD,20180911 11:22:38.179,1.15875,1.15877
EUR/USD,20180911 11:27:41.189,1.15846,1.15848
EUR/USD,20180911 11:32:48.122,1.15859,1.15864
EUR/USD,20180911 11:37:48.147,1.15866,1.15868
EUR/USD,20180911 11:42:48.218,1.15852,1.15854
EUR/USD,20180911 11:47:51.805,1.15877,1.1588100000000001
EUR/USD,20180911 11:52:52.018,1.1585299999999998,1.15855
EUR/USD,20180911 11:57:52.072,1.15839,1.1584299999999998
EUR/USD,20180911 12:02:52.718,1.15782,1.15785
EUR/USD,20180911 12:07:54.190,1.15679,1.1568200000000002
EUR/USD,20180911 12:12:54.866,1.15739,1.15741
EUR/USD,20180911 12:17:55.105,1.1583299999999999,1.15838
EUR/USD,20180911 12:22:55.561,1.1575,1.15754
EUR/USD,20180911 12:27:58.674,1.15773,1.15778
EUR/USD,20180911 12:33:01.572,1.15811,1.15814
EUR/USD,20180911 12:38:01.578,1.1580700000000002,1.15809
EUR/USD,20180911 12:43:02.360,1.1572200000000001,1.15725
EUR/USD,20180911 12:48:02.453,1.15755,1.1575799999999998
EUR/USD,20180911 12:53:06.328,1.15773,1.1577600000000001
EUR/USD,20180911 12:58:06.379,1.15761,1.15762
EUR/USD,20180911 13:03:06.438,1.15838,1.15842
EUR/USD,20180911 13:08:06.888,1.15839,1.15842
EUR/USD,20180911 13:13:07.003,1.15854,1.15856
EUR/USD,20180911 13:18:11.759,1.15838,1.15842
EUR/USD,20180911 13:23:14.437,1.15814,1.15815
EUR/USD,20180911 13:28:14.466,1.15829,1.1583299999999999
EUR/USD,20180911 13:33:14.510,1.1576600000000001,1.1576799999999998
EUR/USD,20180911 13:38:15.443,1.1575,1.15753
EUR/USD,20180911 13:43:15.459,1.15771,1.15772
EUR/USD,20180911 13:48:17.487,1.1576899999999999,1.15772
EUR/USD,20180911 13:53:17.500,1.15767,1.1577
EUR/USD,20180911 13:58:17.627,1.15829,1.15832
EUR/USD,20180911 14:03:19.555,1.1580700000000002,1.1581
EUR/USD,20180911 14:08:19.945,1.1586,1.1586299999999998
EUR/USD,20180911 14:13:20.346,1.15926,1.15929
EUR/USD,20180911 14:18:22.714,1.1593,1.15934
EUR/USD,20180911 14:23:22.938,1.15957,1.1596
EUR/USD,20180911 14:28:23.826,1.1595,1.15953
EUR/USD,20180911 14:33:25.096,1.15896,1.15899
EUR/USD,20180911 14:38:25.515,1.15876,1.15879
EUR/USD,20180911 14:43:25.728,1.15832,1.15835
EUR/USD,20180911 14:48:25.836,1.15854,1.15855
EUR/USD,20180911 14:53:27.704,1.1590799999999999,1.1591200000000002
EUR/USD,20180911 14:58:28.228,1.15856,1.1586
EUR/USD,20180911 15:03:28.283,1.1582299999999999,1.15826
EUR/USD,20180911 15:08:30.186,1.15771,1.15775
EUR/USD,20180911 15:13:32.134,1.15778,1.1577899999999999
EUR/USD,20180911 15:18:32.977,1.15821,1.15824
EUR/USD,20180911 15:23:34.531,1.15847,1.15851
EUR/USD,20180911 15:28:35.522,1.15866,1.15868
EUR/USD,20180911 15:33:36.030,1.1588100000000001,1.15885
EUR/USD,20180911 15:38:41.728,1.15872,1.1587399999999999
EUR/USD,20180911 15:43:45.666,1.15873,1.15876
EUR/USD,20180911 15:48:49.985,1.15852,1.15854
EUR/USD,20180911 15:53:50.334,1.15844,1.15846
EUR/USD,20180911 15:58:55.023,1.15842,1.15846
EUR/USD,20180911 16:03:55.728,1.15878,1.1588100000000001
EUR/USD,20180911 16:08:56.951,1.15855,1.1586
EUR/USD,20180911 16:13:57.405,1.15839,1.15844
EUR/USD,20180911 16:19:00.122,1.1588,1.15883
EUR/USD,20180911 16:24:04.278,1.15888,1.1589200000000002
EUR/USD,20180911 16:29:06.401,1.1588100000000001,1.1588100000000001
EUR/USD,20180911 16:34:06.646,1.1590799999999999,1.1591
EUR/USD,20180911 16:39:11.324,1.15929,1.1593200000000001
EUR/USD,20180911 16:44:11.524,1.15964,1.1596600000000001
EUR/USD,20180911 16:49:13.169,1.15937,1.1594
EUR/USD,20180911 16:54:13.248,1.15891,1.1589399999999999
EUR/USD,20180911 16:59:14.430,1.15879,1.15885
EUR/USD,20180911 17:04:14.694,1.15864,1.15866
EUR/USD,20180911 17:09:16.341,1.15859,1.1586299999999998
EUR/USD,20180911 17:14:16.833,1.1586,1.15862
EUR/USD,20180911 17:19:17.669,1.15885,1.15887
EUR/USD,20180911 17:24:19.211,1.15891,1.15895
EUR/USD,20180911 17:29:26.946,1.15903,1.15907
EUR/USD,20180911 17:34:28.615,1.15904,1.15905
EUR/USD,20180911 17:39:33.472,1.15921,1.15926
EUR/USD,20180911 17:44:39.635,1.15947,1.15951
EUR/USD,20180911 17:49:39.707,1.15944,1.1594799999999998
EUR/USD,20180911 17:54:41.994,1.15937,1.15941
EUR/USD,20180911 17:59:42.407,1.15909,1.1591200000000002
EUR/USD,20180911 18:04:45.209,1.15921,1.15923
EUR/USD,20180911 18:09:50.344,1.15866,1.15868
EUR/USD,20180911 18:14:52.036,1.15862,1.15866
EUR/USD,20180911 18:19:52.460,1.15851,1.15857
EUR/USD,20180911 18:24:52.932,1.15875,1.1588100000000001
EUR/USD,20180911 18:29:52.955,1.15862,1.15866
EUR/USD,20180911 18:34:53.094,1.15852,1.15855
EUR/USD,20180911 18:40:04.858,1.15868,1.1587100000000001
EUR/USD,20180911 18:45:05.118,1.15865,1.15867
EUR/USD,20180911 18:50:11.202,1.15854,1.15859
EUR/USD,20180911 18:55:13.402,1.15868,1.1587100000000001
EUR/USD,20180911 19:00:13.891,1.15851,1.15855
EUR/USD,20180911 19:05:17.249,1.15856,1.1586100000000001
EUR/USD,20180911 19:10:28.474,1.1585299999999998,1.15858
EUR/USD,20180911 19:15:28.528,1.15856,1.15859
EUR/USD,20180911 19:20:32.764,1.15859,1.15864
EUR/USD,20180911 19:25:34.243,1.15859,1.15862
EUR/USD,20180911 19:30:36.289,1.15883,1.15887
EUR/USD,20180911 19:35:47.380,1.15873,1.15875
EUR/USD,20180911 19:40:50.110,1.1587100000000001,1.15876
EUR/USD,20180911 19:45:50.859,1.15866,1.15869
EUR/USD,20180911 19:50:51.843,1.1587,1.15875
EUR/USD,20180911 19:55:54.886,1.1589,1.1589399999999999
EUR/USD,20180911 20:00:57.313,1.15905,1.1591
EUR/USD,20180911 20:06:00.073,1.1593200000000001,1.15936
EUR/USD,20180911 20:11:02.084,1.1592200000000001,1.15926
EUR/USD,20180911 20:16:09.793,1.15957,1.15963
EUR/USD,20180911 20:21:10.416,1.15946,1.15949
EUR/USD,20180911 20:26:10.448,1.15967,1.15971
EUR/USD,20180911 20:31:26.990,1.15962,1.1596799999999998
EUR/USD,20180911 20:36:27.403,1.1603,1.1603299999999999
EUR/USD,20180911 20:41:34.490,1.16038,1.16044
EUR/USD,20180911 20:46:34.838,1.1607,1.1607299999999998
EUR/USD,20180911 20:51:36.743,1.1606299999999998,1.16067
EUR/USD,20180911 20:56:38.909,1.16057,1.16062
EUR/USD,20180911 21:01:53.064,1.1603299999999999,1.1607399999999999
