EUR/USD,20160801 00:00:00.018,1.1167200000000002,1.11675
EUR/USD,20160801 00:05:00.172,1.1171200000000001,1.1171799999999998
EUR/USD,20160801 00:10:00.289,1.11733,1.11737
EUR/USD,20160801 00:15:00.337,1.11748,1.11754
EUR/USD,20160801 00:20:00.405,1.1175,1.11755
EUR/USD,20160801 00:25:00.443,1.11729,1.11735
EUR/USD,20160801 00:30:00.570,1.11701,1.11706
EUR/USD,20160801 00:35:00.603,1.11703,1.11709
EUR/USD,20160801 00:40:00.803,1.11693,1.1169799999999999
EUR/USD,20160801 00:45:00.942,1.11731,1.11735
EUR/USD,20160801 00:50:01.177,1.11699,1.11704
EUR/USD,20160801 00:55:01.234,1.11717,1.11722
EUR/USD,20160801 01:00:01.256,1.11747,1.11758
EUR/USD,20160801 01:05:01.277,1.11758,1.11762
EUR/USD,20160801 01:10:01.314,1.1175700000000002,1.11762
EUR/USD,20160801 01:15:01.318,1.11729,1.11735
EUR/USD,20160801 01:20:01.396,1.1172600000000001,1.1173
EUR/USD,20160801 01:25:01.415,1.11717,1.11722
EUR/USD,20160801 01:30:01.466,1.11725,1.1173
EUR/USD,20160801 01:35:01.538,1.11687,1.11691
EUR/USD,20160801 01:40:01.598,1.11694,1.11699
EUR/USD,20160801 01:45:01.678,1.1171799999999998,1.11719
EUR/USD,20160801 01:50:02.422,1.11721,1.1172600000000001
EUR/USD,20160801 01:55:03.205,1.11731,1.11735
EUR/USD,20160801 02:00:03.499,1.1172,1.11725
EUR/USD,20160801 02:05:03.542,1.11723,1.1172799999999998
EUR/USD,20160801 02:10:03.641,1.11734,1.1173799999999998
EUR/USD,20160801 02:15:03.804,1.1172600000000001,1.1172799999999998
EUR/USD,20160801 02:20:03.823,1.1174899999999999,1.11753
EUR/USD,20160801 02:25:03.864,1.11733,1.1173799999999998
EUR/USD,20160801 02:30:04.182,1.11751,1.11756
EUR/USD,20160801 02:35:04.267,1.11727,1.11732
EUR/USD,20160801 02:40:04.406,1.1172,1.1172600000000001
EUR/USD,20160801 02:45:05.037,1.11707,1.11711
EUR/USD,20160801 02:50:05.204,1.1171,1.11715
EUR/USD,20160801 02:55:05.296,1.11719,1.11724
EUR/USD,20160801 03:00:05.352,1.11709,1.11714
EUR/USD,20160801 03:05:05.560,1.11704,1.11709
EUR/USD,20160801 03:10:06.399,1.11701,1.11707
EUR/USD,20160801 03:15:06.442,1.11683,1.11689
EUR/USD,20160801 03:20:06.911,1.1170200000000001,1.11705
EUR/USD,20160801 03:25:08.858,1.1168200000000001,1.11686
EUR/USD,20160801 03:30:09.034,1.1167,1.11676
EUR/USD,20160801 03:35:09.139,1.11675,1.1168
EUR/USD,20160801 03:40:09.747,1.11676,1.11681
EUR/USD,20160801 03:45:09.769,1.11674,1.1167799999999999
EUR/USD,20160801 03:50:09.956,1.11674,1.11679
EUR/USD,20160801 03:55:10.154,1.117,1.11706
EUR/USD,20160801 04:00:10.280,1.1178,1.11784
EUR/USD,20160801 04:05:10.449,1.11772,1.11778
EUR/USD,20160801 04:10:11.327,1.11773,1.1178
EUR/USD,20160801 04:15:11.392,1.11773,1.1178
EUR/USD,20160801 04:20:13.881,1.11763,1.11768
EUR/USD,20160801 04:25:13.941,1.11761,1.1176700000000002
EUR/USD,20160801 04:30:14.158,1.11769,1.11773
EUR/USD,20160801 04:35:15.436,1.11754,1.1176
EUR/USD,20160801 04:40:15.499,1.11775,1.11781
EUR/USD,20160801 04:45:15.857,1.11788,1.11792
EUR/USD,20160801 04:50:16.168,1.11801,1.11806
EUR/USD,20160801 04:55:18.828,1.1180299999999999,1.11808
EUR/USD,20160801 05:00:20.001,1.11792,1.11798
EUR/USD,20160801 05:05:20.110,1.11782,1.1178700000000001
EUR/USD,20160801 05:10:20.470,1.11766,1.11771
EUR/USD,20160801 05:15:21.147,1.11763,1.11768
EUR/USD,20160801 05:20:21.689,1.11756,1.1175899999999999
EUR/USD,20160801 05:25:22.149,1.11742,1.1174600000000001
EUR/USD,20160801 05:30:22.744,1.11724,1.1173
EUR/USD,20160801 05:35:23.014,1.11731,1.11737
EUR/USD,20160801 05:40:23.579,1.11733,1.1173899999999999
EUR/USD,20160801 05:45:23.848,1.11735,1.1173899999999999
EUR/USD,20160801 05:50:24.039,1.11753,1.1175899999999999
EUR/USD,20160801 05:55:24.821,1.11724,1.11729
EUR/USD,20160801 06:00:24.932,1.11696,1.117
EUR/USD,20160801 06:05:24.946,1.11659,1.11663
EUR/USD,20160801 06:10:24.964,1.11653,1.11657
EUR/USD,20160801 06:15:24.966,1.1163,1.11635
EUR/USD,20160801 06:20:25.433,1.11643,1.11648
EUR/USD,20160801 06:25:26.250,1.1166,1.11666
EUR/USD,20160801 06:30:26.737,1.1167200000000002,1.1167799999999999
EUR/USD,20160801 06:35:27.119,1.11683,1.11687
EUR/USD,20160801 06:40:27.221,1.11658,1.11661
EUR/USD,20160801 06:45:27.388,1.11649,1.1165399999999999
EUR/USD,20160801 06:50:27.711,1.1165100000000001,1.11655
EUR/USD,20160801 06:55:27.784,1.1165,1.1165399999999999
EUR/USD,20160801 07:00:27.808,1.11611,1.11616
EUR/USD,20160801 07:05:28.028,1.11624,1.11628
EUR/USD,20160801 07:10:28.077,1.1164100000000001,1.11645
EUR/USD,20160801 07:15:28.436,1.11668,1.11671
EUR/USD,20160801 07:20:28.443,1.11648,1.11653
EUR/USD,20160801 07:25:28.539,1.11659,1.1166200000000002
EUR/USD,20160801 07:30:28.654,1.1168200000000001,1.11686
EUR/USD,20160801 07:35:28.702,1.11669,1.11673
EUR/USD,20160801 07:40:28.729,1.11657,1.11663
EUR/USD,20160801 07:45:29.098,1.11661,1.11667
EUR/USD,20160801 07:50:29.130,1.11677,1.1167799999999999
EUR/USD,20160801 07:55:29.279,1.11715,1.1172
EUR/USD,20160801 08:00:29.570,1.11696,1.11699
EUR/USD,20160801 08:05:29.663,1.11719,1.11724
EUR/USD,20160801 08:10:30.110,1.11693,1.11696
EUR/USD,20160801 08:15:30.188,1.1169200000000001,1.11694
EUR/USD,20160801 08:20:30.261,1.1169,1.11695
EUR/USD,20160801 08:25:30.334,1.11725,1.11727
EUR/USD,20160801 08:30:30.390,1.1173600000000001,1.1173899999999999
EUR/USD,20160801 08:35:30.431,1.1173799999999998,1.11743
EUR/USD,20160801 08:40:30.592,1.11715,1.1172
EUR/USD,20160801 08:45:30.767,1.11701,1.11705
EUR/USD,20160801 08:50:30.903,1.1168,1.11684
EUR/USD,20160801 08:55:30.981,1.1167,1.11674
EUR/USD,20160801 09:00:31.137,1.11622,1.11626
EUR/USD,20160801 09:05:31.191,1.1163,1.11636
EUR/USD,20160801 09:10:31.322,1.1167,1.11673
EUR/USD,20160801 09:15:31.349,1.1169200000000001,1.11696
EUR/USD,20160801 09:20:31.349,1.11661,1.11665
EUR/USD,20160801 09:25:31.414,1.11645,1.11648
EUR/USD,20160801 09:30:31.581,1.1166200000000002,1.11667
EUR/USD,20160801 09:35:31.770,1.1169799999999999,1.11701
EUR/USD,20160801 09:40:31.771,1.11687,1.11691
EUR/USD,20160801 09:45:32.183,1.11687,1.1169200000000001
EUR/USD,20160801 09:50:32.216,1.11722,1.1172799999999998
EUR/USD,20160801 09:55:32.274,1.1173799999999998,1.11742
EUR/USD,20160801 10:00:32.377,1.1173600000000001,1.11741
EUR/USD,20160801 10:05:32.516,1.1172600000000001,1.1173
EUR/USD,20160801 10:10:32.616,1.11703,1.11706
EUR/USD,20160801 10:15:32.653,1.11686,1.1169
EUR/USD,20160801 10:20:32.663,1.11658,1.11663
EUR/USD,20160801 10:25:32.729,1.11669,1.11673
EUR/USD,20160801 10:30:33.848,1.1165200000000002,1.11655
EUR/USD,20160801 10:35:33.907,1.11637,1.1164100000000001
EUR/USD,20160801 10:40:33.952,1.11611,1.11617
EUR/USD,20160801 10:45:34.044,1.11635,1.1164
EUR/USD,20160801 10:50:34.065,1.1164100000000001,1.11647
EUR/USD,20160801 10:55:34.214,1.11632,1.11637
EUR/USD,20160801 11:00:34.335,1.1165200000000002,1.11657
EUR/USD,20160801 11:05:34.494,1.11675,1.1168
EUR/USD,20160801 11:10:34.515,1.1163100000000001,1.11636
EUR/USD,20160801 11:15:34.557,1.1162299999999998,1.11626
EUR/USD,20160801 11:20:34.557,1.11599,1.11604
EUR/USD,20160801 11:25:34.563,1.11606,1.11609
EUR/USD,20160801 11:30:34.565,1.1158700000000001,1.11586
EUR/USD,20160801 11:35:35.417,1.11625,1.11628
EUR/USD,20160801 11:40:35.618,1.11632,1.11635
EUR/USD,20160801 11:45:35.801,1.11601,1.11604
EUR/USD,20160801 11:50:35.836,1.11595,1.11598
EUR/USD,20160801 11:55:35.883,1.11576,1.11579
EUR/USD,20160801 12:00:36.079,1.11571,1.1157700000000002
EUR/USD,20160801 12:05:36.323,1.11598,1.11601
EUR/USD,20160801 12:10:36.352,1.1162,1.11625
EUR/USD,20160801 12:15:36.360,1.11656,1.1166
EUR/USD,20160801 12:20:36.387,1.1165399999999999,1.11659
EUR/USD,20160801 12:25:36.425,1.11669,1.11674
EUR/USD,20160801 12:30:36.513,1.1167,1.11675
EUR/USD,20160801 12:35:36.558,1.11671,1.11675
EUR/USD,20160801 12:40:37.026,1.11646,1.1165100000000001
EUR/USD,20160801 12:45:37.083,1.11656,1.1166200000000002
EUR/USD,20160801 12:50:37.163,1.11667,1.11671
EUR/USD,20160801 12:55:37.441,1.11676,1.11681
EUR/USD,20160801 13:00:37.626,1.1165399999999999,1.11657
EUR/USD,20160801 13:05:37.660,1.11645,1.11648
EUR/USD,20160801 13:10:37.660,1.11635,1.11639
EUR/USD,20160801 13:15:37.785,1.1163399999999999,1.11638
EUR/USD,20160801 13:20:37.807,1.11674,1.11677
EUR/USD,20160801 13:25:37.809,1.11686,1.1169
EUR/USD,20160801 13:30:37.974,1.1163,1.1163299999999998
EUR/USD,20160801 13:35:38.155,1.11647,1.1165100000000001
EUR/USD,20160801 13:40:38.238,1.1162100000000001,1.11624
EUR/USD,20160801 13:45:38.334,1.1166,1.11663
EUR/USD,20160801 13:50:38.465,1.11629,1.11635
EUR/USD,20160801 13:55:38.528,1.11612,1.11615
EUR/USD,20160801 14:00:38.590,1.11669,1.11674
EUR/USD,20160801 14:05:38.809,1.11661,1.11665
EUR/USD,20160801 14:10:38.934,1.11673,1.1167799999999999
EUR/USD,20160801 14:15:38.957,1.1163399999999999,1.11639
EUR/USD,20160801 14:20:39.558,1.11666,1.11669
EUR/USD,20160801 14:25:39.575,1.11709,1.11714
EUR/USD,20160801 14:30:39.708,1.11721,1.11724
EUR/USD,20160801 14:35:39.908,1.11695,1.1169799999999999
EUR/USD,20160801 14:40:39.930,1.11685,1.1168799999999999
EUR/USD,20160801 14:45:40.376,1.11666,1.11669
EUR/USD,20160801 14:50:40.446,1.11669,1.11674
EUR/USD,20160801 14:55:40.471,1.11687,1.11691
EUR/USD,20160801 15:00:40.614,1.11732,1.11737
EUR/USD,20160801 15:05:40.695,1.1173799999999998,1.11741
EUR/USD,20160801 15:10:40.788,1.11742,1.11745
EUR/USD,20160801 15:15:40.933,1.1173799999999998,1.11741
EUR/USD,20160801 15:20:40.983,1.11751,1.11754
EUR/USD,20160801 15:25:41.020,1.11768,1.11772
EUR/USD,20160801 15:30:41.136,1.1175700000000002,1.11762
EUR/USD,20160801 15:35:41.147,1.11764,1.11768
EUR/USD,20160801 15:40:41.214,1.11758,1.11763
EUR/USD,20160801 15:45:41.344,1.11742,1.11748
EUR/USD,20160801 15:50:42.010,1.11732,1.11737
EUR/USD,20160801 15:55:42.813,1.11758,1.11763
EUR/USD,20160801 16:00:42.825,1.1175,1.11753
EUR/USD,20160801 16:05:42.959,1.11765,1.11768
EUR/USD,20160801 16:10:43.026,1.1173799999999998,1.11742
EUR/USD,20160801 16:15:43.217,1.11754,1.1175700000000002
EUR/USD,20160801 16:20:43.307,1.11748,1.11751
EUR/USD,20160801 16:25:43.760,1.1171200000000001,1.11717
EUR/USD,20160801 16:30:43.819,1.11701,1.11705
EUR/USD,20160801 16:35:43.911,1.1170200000000001,1.11707
EUR/USD,20160801 16:40:43.938,1.11719,1.11721
EUR/USD,20160801 16:45:44.131,1.1167799999999999,1.11683
EUR/USD,20160801 16:50:44.133,1.1169,1.11693
EUR/USD,20160801 16:55:44.992,1.11703,1.11709
EUR/USD,20160801 17:00:45.067,1.11715,1.1172
EUR/USD,20160801 17:05:45.078,1.11717,1.11722
EUR/USD,20160801 17:10:45.212,1.117,1.11705
EUR/USD,20160801 17:15:45.364,1.1169200000000001,1.1169799999999999
EUR/USD,20160801 17:20:45.522,1.11679,1.11684
EUR/USD,20160801 17:25:45.600,1.11686,1.1169
EUR/USD,20160801 17:30:45.734,1.1167200000000002,1.11677
EUR/USD,20160801 17:35:47.143,1.1169200000000001,1.11697
EUR/USD,20160801 17:40:47.274,1.11689,1.11694
EUR/USD,20160801 17:45:48.292,1.1170200000000001,1.11707
EUR/USD,20160801 17:50:48.350,1.1166200000000002,1.11666
EUR/USD,20160801 17:55:48.846,1.11673,1.11677
EUR/USD,20160801 18:00:49.099,1.1167200000000002,1.11677
EUR/USD,20160801 18:05:49.482,1.11694,1.1169799999999999
EUR/USD,20160801 18:10:49.884,1.11699,1.11704
EUR/USD,20160801 18:15:50.378,1.1170799999999999,1.1171200000000001
EUR/USD,20160801 18:20:50.519,1.11699,1.11703
EUR/USD,20160801 18:25:50.988,1.11706,1.1171200000000001
EUR/USD,20160801 18:30:51.048,1.1171,1.11714
EUR/USD,20160801 18:35:51.139,1.1168799999999999,1.11691
EUR/USD,20160801 18:40:51.207,1.1168,1.11686
EUR/USD,20160801 18:45:53.138,1.11697,1.11703
EUR/USD,20160801 18:50:53.332,1.11676,1.1168
EUR/USD,20160801 18:55:53.350,1.11657,1.11663
EUR/USD,20160801 19:00:54.726,1.1168,1.11683
EUR/USD,20160801 19:05:54.964,1.11671,1.11676
EUR/USD,20160801 19:10:54.997,1.11645,1.1165
EUR/USD,20160801 19:15:55.039,1.11636,1.11642
EUR/USD,20160801 19:20:55.166,1.11642,1.11647
EUR/USD,20160801 19:25:55.441,1.11622,1.11625
EUR/USD,20160801 19:30:55.441,1.11619,1.11625
EUR/USD,20160801 19:35:55.480,1.11628,1.11632
EUR/USD,20160801 19:40:55.519,1.11657,1.1166200000000002
EUR/USD,20160801 19:45:56.968,1.1165100000000001,1.11655
EUR/USD,20160801 19:50:57.111,1.11681,1.11683
EUR/USD,20160801 19:55:57.274,1.11677,1.11683
EUR/USD,20160801 20:00:57.347,1.1167799999999999,1.11684
EUR/USD,20160801 20:05:58.612,1.11661,1.11666
EUR/USD,20160801 20:10:58.687,1.1165,1.1165399999999999
EUR/USD,20160801 20:15:58.898,1.11675,1.11681
EUR/USD,20160801 20:20:58.898,1.11661,1.11666
EUR/USD,20160801 20:25:59.047,1.1162,1.11629
EUR/USD,20160801 20:30:59.068,1.11615,1.11619
EUR/USD,20160801 20:35:59.221,1.11609,1.11615
EUR/USD,20160801 20:40:59.224,1.1159999999999999,1.1160700000000001
EUR/USD,20160801 20:45:59.678,1.1159299999999999,1.11599
EUR/USD,20160801 20:50:59.968,1.1160299999999999,1.1161
EUR/USD,20160801 20:56:00.071,1.11617,1.1162299999999998
EUR/USD,20160801 21:01:31.782,1.1160299999999999,1.11658
EUR/USD,20160801 21:06:32.226,1.1159700000000001,1.1163299999999998
EUR/USD,20160801 21:11:33.056,1.11616,1.11649
EUR/USD,20160801 21:16:35.029,1.11606,1.11618
EUR/USD,20160801 21:21:35.106,1.11594,1.11622
EUR/USD,20160801 21:26:36.104,1.1163299999999998,1.1165399999999999
EUR/USD,20160801 21:31:36.954,1.1162299999999998,1.11637
EUR/USD,20160801 21:36:37.020,1.11617,1.1163299999999998
EUR/USD,20160801 21:41:37.104,1.11599,1.11614
EUR/USD,20160801 21:46:37.263,1.11608,1.1163100000000001
EUR/USD,20160801 21:51:39.066,1.11614,1.11639
EUR/USD,20160801 21:56:39.099,1.11618,1.11635
EUR/USD,20160801 22:01:40.786,1.11646,1.1165399999999999
EUR/USD,20160801 22:06:40.986,1.11643,1.1165399999999999
EUR/USD,20160801 22:11:41.398,1.11657,1.11661
EUR/USD,20160801 22:16:41.659,1.11656,1.11668
EUR/USD,20160801 22:21:41.716,1.11639,1.11649
EUR/USD,20160801 22:26:41.992,1.1164100000000001,1.1165200000000002
EUR/USD,20160801 22:31:42.019,1.11635,1.11643
EUR/USD,20160801 22:36:42.239,1.11642,1.1165100000000001
EUR/USD,20160801 22:41:42.390,1.11642,1.1165200000000002
EUR/USD,20160801 22:46:42.462,1.11642,1.1165
EUR/USD,20160801 22:51:42.606,1.1164,1.11646
EUR/USD,20160801 22:56:43.068,1.11648,1.11658
EUR/USD,20160801 23:01:43.289,1.11659,1.11667
EUR/USD,20160801 23:06:43.778,1.1163399999999999,1.11643
EUR/USD,20160801 23:11:44.609,1.11637,1.1164399999999999
EUR/USD,20160801 23:16:44.695,1.11638,1.11646
EUR/USD,20160801 23:21:44.984,1.11642,1.1165100000000001
EUR/USD,20160801 23:26:45.109,1.11645,1.1165100000000001
EUR/USD,20160801 23:31:45.119,1.11643,1.11649
EUR/USD,20160801 23:36:45.158,1.11649,1.11657
EUR/USD,20160801 23:41:47.071,1.11647,1.1165399999999999
EUR/USD,20160801 23:46:47.182,1.1165,1.11658
EUR/USD,20160801 23:51:47.202,1.1165100000000001,1.11656
EUR/USD,20160801 23:56:47.252,1.11673,1.11676
EUR/USD,20160802 00:01:47.613,1.11705,1.11711
EUR/USD,20160802 00:06:47.634,1.1171799999999998,1.11724
EUR/USD,20160802 00:11:48.917,1.11714,1.11719
EUR/USD,20160802 00:16:49.085,1.11724,1.1173
EUR/USD,20160802 00:21:49.090,1.11731,1.11737
EUR/USD,20160802 00:26:49.710,1.11735,1.11741
EUR/USD,20160802 00:31:50.577,1.11744,1.1174899999999999
EUR/USD,20160802 00:36:51.141,1.11744,1.1174899999999999
EUR/USD,20160802 00:41:52.016,1.11731,1.11737
EUR/USD,20160802 00:46:52.068,1.1173,1.1173600000000001
EUR/USD,20160802 00:51:52.161,1.11727,1.11732
EUR/USD,20160802 00:56:52.206,1.11714,1.1171799999999998
EUR/USD,20160802 01:01:53.110,1.11734,1.1173899999999999
EUR/USD,20160802 01:06:53.911,1.1171,1.11715
EUR/USD,20160802 01:11:53.926,1.11697,1.1170200000000001
EUR/USD,20160802 01:16:54.388,1.11665,1.11671
EUR/USD,20160802 01:21:54.440,1.1165200000000002,1.11658
EUR/USD,20160802 01:26:55.038,1.11645,1.11649
EUR/USD,20160802 01:31:55.236,1.11658,1.11663
EUR/USD,20160802 01:36:56.162,1.11671,1.11677
EUR/USD,20160802 01:41:56.959,1.1168,1.11686
EUR/USD,20160802 01:46:57.056,1.11676,1.1168200000000001
EUR/USD,20160802 01:51:57.187,1.11668,1.11674
EUR/USD,20160802 01:56:57.219,1.1163399999999999,1.11639
EUR/USD,20160802 02:01:59.017,1.11638,1.11643
EUR/USD,20160802 02:06:59.072,1.11626,1.11632
EUR/USD,20160802 02:11:59.139,1.11653,1.11658
EUR/USD,20160802 02:16:59.325,1.11665,1.1167
EUR/USD,20160802 02:21:59.937,1.11681,1.11685
EUR/USD,20160802 02:27:00.520,1.11674,1.11679
EUR/USD,20160802 02:32:01.106,1.11665,1.11671
EUR/USD,20160802 02:37:01.171,1.11673,1.1167799999999999
EUR/USD,20160802 02:42:02.068,1.11679,1.11685
EUR/USD,20160802 02:47:02.234,1.11683,1.11689
EUR/USD,20160802 02:52:02.244,1.11686,1.1169200000000001
EUR/USD,20160802 02:57:02.501,1.11686,1.1169200000000001
EUR/USD,20160802 03:02:02.718,1.11699,1.11704
EUR/USD,20160802 03:07:02.737,1.11709,1.1171200000000001
EUR/USD,20160802 03:12:03.043,1.11713,1.11717
EUR/USD,20160802 03:17:03.129,1.11707,1.1171200000000001
EUR/USD,20160802 03:22:03.341,1.11705,1.1171
EUR/USD,20160802 03:27:03.507,1.11703,1.11707
EUR/USD,20160802 03:32:05.032,1.11711,1.11716
EUR/USD,20160802 03:37:07.004,1.117,1.11705
EUR/USD,20160802 03:42:07.030,1.11715,1.1171799999999998
EUR/USD,20160802 03:47:07.072,1.11722,1.11727
EUR/USD,20160802 03:52:07.121,1.1171799999999998,1.11722
EUR/USD,20160802 03:57:07.272,1.11725,1.1173
EUR/USD,20160802 04:02:07.365,1.11721,1.1172600000000001
EUR/USD,20160802 04:07:07.387,1.11717,1.11722
EUR/USD,20160802 04:12:08.286,1.11714,1.11719
EUR/USD,20160802 04:17:08.853,1.11725,1.1173
EUR/USD,20160802 04:22:09.029,1.11745,1.1175
EUR/USD,20160802 04:27:09.112,1.11742,1.11748
EUR/USD,20160802 04:32:09.425,1.11752,1.11756
EUR/USD,20160802 04:37:09.428,1.11722,1.1172799999999998
EUR/USD,20160802 04:42:09.476,1.1176700000000002,1.11772
EUR/USD,20160802 04:47:09.662,1.11775,1.1178
EUR/USD,20160802 04:52:10.225,1.11782,1.1178700000000001
EUR/USD,20160802 04:57:11.042,1.11782,1.11788
EUR/USD,20160802 05:02:12.171,1.11772,1.11778
EUR/USD,20160802 05:07:12.251,1.11745,1.11751
EUR/USD,20160802 05:12:12.426,1.11755,1.1176
EUR/USD,20160802 05:17:12.555,1.11761,1.11766
EUR/USD,20160802 05:22:12.648,1.11781,1.11788
EUR/USD,20160802 05:27:12.760,1.11784,1.11788
EUR/USD,20160802 05:32:12.821,1.11778,1.1178299999999999
EUR/USD,20160802 05:37:13.047,1.11764,1.11769
EUR/USD,20160802 05:42:14.972,1.11789,1.1179700000000001
EUR/USD,20160802 05:47:14.985,1.11796,1.1179999999999999
EUR/USD,20160802 05:52:15.002,1.1179299999999999,1.11796
EUR/USD,20160802 05:57:15.081,1.11778,1.11784
EUR/USD,20160802 06:02:15.173,1.11764,1.11769
EUR/USD,20160802 06:07:15.669,1.11799,1.11802
EUR/USD,20160802 06:12:15.681,1.11816,1.1182
EUR/USD,20160802 06:17:16.084,1.11816,1.11819
EUR/USD,20160802 06:22:16.186,1.11782,1.1178700000000001
EUR/USD,20160802 06:27:16.230,1.11772,1.1177700000000002
EUR/USD,20160802 06:32:16.982,1.11768,1.11772
EUR/USD,20160802 06:37:17.027,1.1179999999999999,1.11804
EUR/USD,20160802 06:42:17.116,1.1182299999999998,1.11828
EUR/USD,20160802 06:47:17.169,1.11855,1.1186
EUR/USD,20160802 06:52:17.274,1.1185399999999999,1.11859
EUR/USD,20160802 06:57:17.409,1.11801,1.1180700000000001
EUR/USD,20160802 07:02:17.413,1.1183299999999998,1.11835
EUR/USD,20160802 07:07:17.442,1.11945,1.11951
EUR/USD,20160802 07:12:17.505,1.11985,1.11989
EUR/USD,20160802 07:17:17.543,1.12024,1.12027
EUR/USD,20160802 07:22:17.572,1.1198299999999999,1.11985
EUR/USD,20160802 07:27:17.593,1.12068,1.1207200000000002
EUR/USD,20160802 07:32:17.602,1.1203299999999998,1.12039
EUR/USD,20160802 07:37:17.620,1.1205,1.12055
EUR/USD,20160802 07:42:17.742,1.12022,1.12024
EUR/USD,20160802 07:47:17.747,1.12047,1.1205100000000001
EUR/USD,20160802 07:52:17.861,1.12024,1.12029
EUR/USD,20160802 07:57:18.168,1.1199299999999999,1.1199700000000001
EUR/USD,20160802 08:02:18.263,1.11973,1.11979
EUR/USD,20160802 08:07:18.398,1.11965,1.11969
EUR/USD,20160802 08:12:18.544,1.1196700000000002,1.11971
EUR/USD,20160802 08:17:18.690,1.11952,1.1195700000000002
EUR/USD,20160802 08:22:18.823,1.11979,1.11985
EUR/USD,20160802 08:27:18.828,1.1198700000000001,1.1199
EUR/USD,20160802 08:32:18.907,1.11996,1.11999
EUR/USD,20160802 08:37:19.023,1.1195700000000002,1.11962
EUR/USD,20160802 08:42:19.147,1.11952,1.11956
EUR/USD,20160802 08:47:19.251,1.11954,1.1196
EUR/USD,20160802 08:52:19.300,1.11989,1.1199299999999999
EUR/USD,20160802 08:57:19.329,1.12014,1.12018
EUR/USD,20160802 09:02:19.469,1.12025,1.1203
EUR/USD,20160802 09:07:19.646,1.11982,1.1198700000000001
EUR/USD,20160802 09:12:19.649,1.12008,1.12009
EUR/USD,20160802 09:17:19.831,1.12,1.12005
EUR/USD,20160802 09:22:19.922,1.11999,1.12004
EUR/USD,20160802 09:27:19.922,1.11999,1.1200299999999999
EUR/USD,20160802 09:32:19.961,1.11971,1.11974
EUR/USD,20160802 09:37:20.109,1.11945,1.1194899999999999
EUR/USD,20160802 09:42:20.177,1.11944,1.1194899999999999
EUR/USD,20160802 09:47:20.317,1.1193899999999999,1.11944
EUR/USD,20160802 09:52:20.376,1.11956,1.1196
EUR/USD,20160802 09:57:20.376,1.11955,1.1196
EUR/USD,20160802 10:02:20.515,1.11966,1.11969
EUR/USD,20160802 10:07:20.693,1.11969,1.11974
EUR/USD,20160802 10:12:20.768,1.11964,1.11969
EUR/USD,20160802 10:17:20.791,1.11943,1.1194600000000001
EUR/USD,20160802 10:22:21.075,1.1198,1.1198299999999999
EUR/USD,20160802 10:27:21.286,1.11995,1.12001
EUR/USD,20160802 10:32:21.491,1.1203,1.12034
EUR/USD,20160802 10:37:21.586,1.12012,1.12016
EUR/USD,20160802 10:42:21.596,1.11976,1.1198
EUR/USD,20160802 10:47:22.141,1.11934,1.1194
EUR/USD,20160802 10:52:22.296,1.11925,1.1192799999999998
EUR/USD,20160802 10:57:22.798,1.1192,1.11924
EUR/USD,20160802 11:02:22.981,1.11907,1.1190799999999999
EUR/USD,20160802 11:07:23.097,1.11874,1.11877
EUR/USD,20160802 11:12:23.144,1.11893,1.11897
EUR/USD,20160802 11:17:23.606,1.11924,1.11927
EUR/USD,20160802 11:22:24.443,1.11931,1.11935
EUR/USD,20160802 11:27:24.465,1.11894,1.1189799999999999
EUR/USD,20160802 11:32:24.564,1.11897,1.11901
EUR/USD,20160802 11:37:24.680,1.11925,1.1193
EUR/USD,20160802 11:42:24.756,1.11934,1.11937
EUR/USD,20160802 11:47:24.887,1.11924,1.11929
EUR/USD,20160802 11:52:24.935,1.1194899999999999,1.11953
EUR/USD,20160802 11:57:24.957,1.1193799999999998,1.11942
EUR/USD,20160802 12:02:25.405,1.11924,1.11929
EUR/USD,20160802 12:07:25.422,1.11901,1.11904
EUR/USD,20160802 12:12:25.470,1.1190799999999999,1.11913
EUR/USD,20160802 12:17:25.532,1.1192799999999998,1.11931
EUR/USD,20160802 12:22:25.627,1.1198,1.11984
EUR/USD,20160802 12:27:25.631,1.12017,1.1202299999999998
EUR/USD,20160802 12:32:26.063,1.11974,1.11978
EUR/USD,20160802 12:37:26.167,1.11934,1.1193600000000001
EUR/USD,20160802 12:42:27.066,1.11951,1.11954
EUR/USD,20160802 12:47:27.167,1.11965,1.11969
EUR/USD,20160802 12:52:27.182,1.1203299999999998,1.12035
EUR/USD,20160802 12:57:27.285,1.12022,1.12027
EUR/USD,20160802 13:02:27.316,1.1205399999999999,1.12057
EUR/USD,20160802 13:07:27.459,1.12053,1.12053
EUR/USD,20160802 13:12:27.470,1.12073,1.12077
EUR/USD,20160802 13:17:27.578,1.1210799999999999,1.1211200000000001
EUR/USD,20160802 13:22:27.582,1.1210799999999999,1.1211200000000001
EUR/USD,20160802 13:27:27.630,1.12124,1.12127
EUR/USD,20160802 13:32:27.743,1.1212799999999998,1.12133
EUR/USD,20160802 13:37:27.916,1.12129,1.12133
EUR/USD,20160802 13:42:28.229,1.12131,1.12135
EUR/USD,20160802 13:47:28.391,1.12116,1.1212
EUR/USD,20160802 13:52:28.449,1.12137,1.1214
EUR/USD,20160802 13:57:28.473,1.1214600000000001,1.1215
EUR/USD,20160802 14:02:28.591,1.1213600000000001,1.12141
EUR/USD,20160802 14:07:28.630,1.12162,1.12165
EUR/USD,20160802 14:12:28.806,1.12176,1.1218
EUR/USD,20160802 14:17:28.828,1.12195,1.122
EUR/USD,20160802 14:22:28.833,1.12161,1.12163
EUR/USD,20160802 14:27:28.995,1.12142,1.12145
EUR/USD,20160802 14:32:29.043,1.12124,1.1212799999999998
EUR/USD,20160802 14:37:29.129,1.12141,1.12144
EUR/USD,20160802 14:42:29.284,1.12125,1.12129
EUR/USD,20160802 14:47:29.286,1.1216,1.12164
EUR/USD,20160802 14:52:29.385,1.1220299999999999,1.12206
EUR/USD,20160802 14:57:29.454,1.12221,1.12226
EUR/USD,20160802 15:02:29.588,1.12235,1.1224
EUR/USD,20160802 15:07:29.589,1.12232,1.12235
EUR/USD,20160802 15:12:29.650,1.1224100000000001,1.1224299999999998
EUR/USD,20160802 15:17:30.049,1.1225399999999999,1.12257
EUR/USD,20160802 15:22:30.154,1.1225399999999999,1.12256
EUR/USD,20160802 15:27:30.234,1.12242,1.1224399999999999
EUR/USD,20160802 15:32:30.566,1.12263,1.12269
EUR/USD,20160802 15:37:31.118,1.12255,1.12259
EUR/USD,20160802 15:42:31.286,1.1227,1.12274
EUR/USD,20160802 15:47:31.296,1.12291,1.12295
EUR/USD,20160802 15:52:31.353,1.12286,1.12289
EUR/USD,20160802 15:57:31.414,1.12275,1.12279
EUR/USD,20160802 16:02:31.533,1.12253,1.12256
EUR/USD,20160802 16:07:31.638,1.122,1.12205
EUR/USD,20160802 16:12:31.657,1.12232,1.12236
EUR/USD,20160802 16:17:31.994,1.12249,1.12253
EUR/USD,20160802 16:22:32.143,1.1224100000000001,1.12245
EUR/USD,20160802 16:27:32.334,1.12257,1.12261
EUR/USD,20160802 16:32:32.519,1.12278,1.1228200000000002
EUR/USD,20160802 16:37:32.584,1.12266,1.12269
EUR/USD,20160802 16:42:32.904,1.12278,1.12283
EUR/USD,20160802 16:47:33.012,1.12247,1.1225100000000001
EUR/USD,20160802 16:52:33.183,1.12238,1.12242
EUR/USD,20160802 16:57:33.233,1.122,1.12205
EUR/USD,20160802 17:02:33.284,1.12252,1.12255
EUR/USD,20160802 17:07:33.379,1.1227200000000002,1.12275
EUR/USD,20160802 17:12:33.713,1.12261,1.12265
EUR/USD,20160802 17:17:33.778,1.1229,1.12294
EUR/USD,20160802 17:22:33.960,1.12301,1.12305
EUR/USD,20160802 17:27:34.049,1.12291,1.12295
EUR/USD,20160802 17:32:34.274,1.12271,1.12276
EUR/USD,20160802 17:37:34.898,1.1226399999999999,1.1227
EUR/USD,20160802 17:42:35.029,1.12284,1.1229
EUR/USD,20160802 17:47:35.044,1.1229200000000001,1.12295
EUR/USD,20160802 17:52:36.388,1.12276,1.12279
EUR/USD,20160802 17:57:36.442,1.12286,1.12291
EUR/USD,20160802 18:02:36.582,1.12283,1.12289
EUR/USD,20160802 18:07:36.757,1.1230799999999999,1.12313
EUR/USD,20160802 18:12:36.818,1.1231799999999998,1.12323
EUR/USD,20160802 18:17:37.003,1.12321,1.12327
EUR/USD,20160802 18:22:37.144,1.12323,1.12329
EUR/USD,20160802 18:27:37.197,1.1231799999999998,1.12323
EUR/USD,20160802 18:32:37.262,1.12314,1.12319
EUR/USD,20160802 18:37:37.454,1.12325,1.1233
EUR/USD,20160802 18:42:37.780,1.12311,1.12315
EUR/USD,20160802 18:47:37.880,1.1228,1.12284
EUR/USD,20160802 18:52:37.955,1.1224100000000001,1.12246
EUR/USD,20160802 18:57:38.148,1.12242,1.12245
EUR/USD,20160802 19:02:38.710,1.12256,1.1226
EUR/USD,20160802 19:07:38.741,1.12242,1.12247
EUR/USD,20160802 19:12:38.757,1.12216,1.12222
EUR/USD,20160802 19:17:38.827,1.12232,1.12236
EUR/USD,20160802 19:22:39.053,1.12245,1.1225100000000001
EUR/USD,20160802 19:27:39.295,1.12248,1.12253
EUR/USD,20160802 19:32:40.024,1.12215,1.12219
EUR/USD,20160802 19:37:40.175,1.1221700000000001,1.1222299999999998
EUR/USD,20160802 19:42:41.481,1.12225,1.1223
EUR/USD,20160802 19:47:42.139,1.12245,1.12249
EUR/USD,20160802 19:52:42.265,1.1224399999999999,1.12247
EUR/USD,20160802 19:57:42.439,1.12216,1.12221
EUR/USD,20160802 20:02:42.708,1.1225,1.12255
EUR/USD,20160802 20:07:45.009,1.12238,1.1224399999999999
EUR/USD,20160802 20:12:45.287,1.1223,1.12234
EUR/USD,20160802 20:17:45.328,1.12228,1.12232
EUR/USD,20160802 20:22:45.353,1.12202,1.1220700000000001
EUR/USD,20160802 20:27:45.500,1.12229,1.12232
EUR/USD,20160802 20:32:47.117,1.1222299999999998,1.1223
EUR/USD,20160802 20:37:47.273,1.12235,1.12242
EUR/USD,20160802 20:42:48.675,1.1224399999999999,1.12253
EUR/USD,20160802 20:47:49.439,1.12239,1.1224399999999999
EUR/USD,20160802 20:52:49.595,1.12239,1.12248
EUR/USD,20160802 20:57:50.214,1.12246,1.12253
EUR/USD,20160802 21:03:00.005,1.1220700000000001,1.12249
EUR/USD,20160802 21:08:00.123,1.12221,1.12252
EUR/USD,20160802 21:13:00.140,1.12236,1.1225399999999999
EUR/USD,20160802 21:18:00.160,1.12211,1.12253
EUR/USD,20160802 21:23:00.163,1.1222299999999998,1.12242
EUR/USD,20160802 21:28:01.023,1.12248,1.1226200000000002
EUR/USD,20160802 21:33:01.272,1.12226,1.1224100000000001
EUR/USD,20160802 21:38:01.889,1.12219,1.12238
EUR/USD,20160802 21:43:02.027,1.12219,1.12234
EUR/USD,20160802 21:48:02.234,1.12218,1.1223299999999998
EUR/USD,20160802 21:53:02.264,1.12206,1.12227
EUR/USD,20160802 21:58:02.368,1.1220299999999999,1.12222
EUR/USD,20160802 22:03:02.379,1.1221700000000001,1.12229
EUR/USD,20160802 22:08:04.432,1.1221299999999998,1.1222
EUR/USD,20160802 22:13:04.925,1.1221,1.12221
EUR/USD,20160802 22:18:05.151,1.12209,1.12218
EUR/USD,20160802 22:23:05.218,1.12212,1.12221
EUR/USD,20160802 22:28:05.508,1.1220299999999999,1.1221299999999998
EUR/USD,20160802 22:33:05.861,1.1219,1.12199
EUR/USD,20160802 22:38:06.132,1.12192,1.12201
EUR/USD,20160802 22:43:06.228,1.12209,1.12216
EUR/USD,20160802 22:48:06.491,1.12192,1.12201
EUR/USD,20160802 22:53:07.043,1.1219700000000001,1.12204
EUR/USD,20160802 22:58:07.177,1.12194,1.12202
EUR/USD,20160802 23:03:07.914,1.122,1.12208
EUR/USD,20160802 23:08:08.423,1.12202,1.12208
EUR/USD,20160802 23:13:08.456,1.12196,1.1220299999999999
EUR/USD,20160802 23:18:08.700,1.12186,1.1219299999999999
EUR/USD,20160802 23:23:10.097,1.1218700000000001,1.1219299999999999
EUR/USD,20160802 23:28:10.238,1.12192,1.12201
EUR/USD,20160802 23:33:10.825,1.12185,1.12192
EUR/USD,20160802 23:38:10.885,1.12186,1.12192
EUR/USD,20160802 23:43:11.029,1.12189,1.12191
EUR/USD,20160802 23:48:11.077,1.12182,1.1219
EUR/USD,20160802 23:53:12.206,1.12185,1.12192
EUR/USD,20160802 23:58:12.206,1.1218299999999999,1.12185
EUR/USD,20160803 00:03:13.669,1.12184,1.1218700000000001
EUR/USD,20160803 00:08:13.734,1.12181,1.1218700000000001
EUR/USD,20160803 00:13:13.871,1.1218299999999999,1.12188
EUR/USD,20160803 00:18:14.156,1.1218,1.12184
EUR/USD,20160803 00:23:14.267,1.12164,1.1216899999999999
EUR/USD,20160803 00:28:14.363,1.12158,1.12163
EUR/USD,20160803 00:33:14.632,1.1216,1.12165
EUR/USD,20160803 00:38:14.889,1.12172,1.1217700000000002
EUR/USD,20160803 00:43:14.933,1.1215899999999999,1.12165
EUR/USD,20160803 00:48:14.975,1.12143,1.12148
EUR/USD,20160803 00:53:15.125,1.12153,1.1215899999999999
EUR/USD,20160803 00:58:15.170,1.12153,1.1215600000000001
EUR/USD,20160803 01:03:15.224,1.12148,1.12155
EUR/USD,20160803 01:08:15.272,1.12148,1.12151
EUR/USD,20160803 01:13:15.522,1.12135,1.1214
EUR/USD,20160803 01:18:15.680,1.12142,1.1214899999999999
EUR/USD,20160803 01:23:15.814,1.12131,1.12137
EUR/USD,20160803 01:28:16.120,1.12124,1.1213
EUR/USD,20160803 01:33:16.392,1.12123,1.1213
EUR/USD,20160803 01:38:16.529,1.12113,1.12119
EUR/USD,20160803 01:43:17.134,1.1212600000000001,1.1213
EUR/USD,20160803 01:48:17.214,1.12129,1.12134
EUR/USD,20160803 01:53:17.275,1.1213600000000001,1.1214
EUR/USD,20160803 01:58:17.294,1.12132,1.12135
EUR/USD,20160803 02:03:17.619,1.12135,1.12141
EUR/USD,20160803 02:08:17.949,1.12163,1.1216700000000002
EUR/USD,20160803 02:13:18.287,1.1216,1.12165
EUR/USD,20160803 02:18:18.508,1.12142,1.12148
EUR/USD,20160803 02:23:19.489,1.12125,1.12131
EUR/USD,20160803 02:28:20.180,1.1211799999999998,1.12123
EUR/USD,20160803 02:33:21.191,1.12119,1.12125
EUR/USD,20160803 02:38:21.322,1.12141,1.1214600000000001
EUR/USD,20160803 02:43:22.180,1.12116,1.1211799999999998
EUR/USD,20160803 02:48:22.669,1.12104,1.12107
EUR/USD,20160803 02:53:22.675,1.12099,1.1210200000000001
EUR/USD,20160803 02:58:24.686,1.12093,1.12099
EUR/USD,20160803 03:03:24.720,1.12096,1.1210200000000001
EUR/USD,20160803 03:08:24.841,1.12094,1.1209799999999999
EUR/USD,20160803 03:13:25.253,1.12104,1.1210799999999999
EUR/USD,20160803 03:18:26.470,1.12105,1.12111
EUR/USD,20160803 03:23:27.115,1.12101,1.12107
EUR/USD,20160803 03:28:27.156,1.12116,1.12122
EUR/USD,20160803 03:33:27.250,1.12122,1.1212799999999998
EUR/USD,20160803 03:38:27.510,1.12115,1.12121
EUR/USD,20160803 03:43:27.563,1.12125,1.1213
EUR/USD,20160803 03:48:27.786,1.1214600000000001,1.12151
EUR/USD,20160803 03:53:27.792,1.12122,1.12127
EUR/USD,20160803 03:58:27.905,1.12127,1.12132
EUR/USD,20160803 04:03:28.258,1.1212799999999998,1.12133
EUR/USD,20160803 04:08:28.359,1.12113,1.12117
EUR/USD,20160803 04:13:30.119,1.12137,1.12142
EUR/USD,20160803 04:18:30.148,1.1213899999999999,1.12144
EUR/USD,20160803 04:23:30.635,1.1214600000000001,1.1215
EUR/USD,20160803 04:28:30.650,1.1215,1.1215700000000002
EUR/USD,20160803 04:33:31.017,1.12137,1.12143
EUR/USD,20160803 04:38:32.095,1.12131,1.1213600000000001
EUR/USD,20160803 04:43:32.279,1.1216899999999999,1.12173
EUR/USD,20160803 04:48:32.608,1.12152,1.1215700000000002
EUR/USD,20160803 04:53:33.214,1.1212600000000001,1.12131
EUR/USD,20160803 04:58:33.710,1.12133,1.1213600000000001
EUR/USD,20160803 05:03:33.814,1.1213,1.12135
EUR/USD,20160803 05:08:33.832,1.12123,1.1212799999999998
EUR/USD,20160803 05:13:33.979,1.12127,1.12132
EUR/USD,20160803 05:18:34.217,1.12117,1.12123
EUR/USD,20160803 05:23:34.693,1.12122,1.12127
EUR/USD,20160803 05:28:34.826,1.12133,1.1213899999999999
EUR/USD,20160803 05:33:34.886,1.12117,1.12122
EUR/USD,20160803 05:38:35.105,1.12105,1.1210799999999999
EUR/USD,20160803 05:43:35.221,1.12115,1.12121
EUR/USD,20160803 05:48:35.254,1.12095,1.121
EUR/USD,20160803 05:53:35.414,1.1209200000000001,1.12097
EUR/USD,20160803 05:58:35.467,1.1209200000000001,1.12097
EUR/USD,20160803 06:03:35.811,1.12109,1.12113
EUR/USD,20160803 06:08:37.246,1.12115,1.1211799999999998
EUR/USD,20160803 06:13:37.325,1.1209799999999999,1.12103
EUR/USD,20160803 06:18:38.039,1.12084,1.12087
EUR/USD,20160803 06:23:38.077,1.12071,1.12076
EUR/USD,20160803 06:28:38.134,1.12057,1.12061
EUR/USD,20160803 06:33:38.543,1.12045,1.12049
EUR/USD,20160803 06:38:39.282,1.12055,1.1206
EUR/USD,20160803 06:43:39.393,1.12045,1.1205
EUR/USD,20160803 06:48:39.487,1.12016,1.1202
EUR/USD,20160803 06:53:39.936,1.1203100000000001,1.12037
EUR/USD,20160803 06:58:40.172,1.12028,1.1203299999999998
EUR/USD,20160803 07:03:40.176,1.12037,1.1204100000000001
EUR/USD,20160803 07:08:40.262,1.12045,1.12049
EUR/USD,20160803 07:13:40.675,1.12056,1.1206
EUR/USD,20160803 07:18:40.702,1.12053,1.12056
EUR/USD,20160803 07:23:40.803,1.1206,1.12066
EUR/USD,20160803 07:28:41.621,1.12081,1.12086
EUR/USD,20160803 07:33:41.698,1.1211799999999998,1.12123
EUR/USD,20160803 07:38:41.740,1.12094,1.12099
EUR/USD,20160803 07:43:41.741,1.12096,1.1209799999999999
EUR/USD,20160803 07:48:41.925,1.1212799999999998,1.12131
EUR/USD,20160803 07:53:42.068,1.12117,1.12121
EUR/USD,20160803 07:58:42.114,1.1212600000000001,1.1213
EUR/USD,20160803 08:03:42.124,1.12105,1.1210799999999999
EUR/USD,20160803 08:08:42.836,1.12084,1.12086
EUR/USD,20160803 08:13:43.005,1.12086,1.12089
EUR/USD,20160803 08:18:43.015,1.1204399999999999,1.12046
EUR/USD,20160803 08:23:43.022,1.12025,1.1203
EUR/USD,20160803 08:28:43.206,1.11991,1.11995
EUR/USD,20160803 08:33:43.309,1.11989,1.11995
EUR/USD,20160803 08:38:43.389,1.11999,1.12002
EUR/USD,20160803 08:43:43.556,1.11988,1.11991
EUR/USD,20160803 08:48:43.747,1.1199,1.11994
EUR/USD,20160803 08:53:44.831,1.1199,1.11994
EUR/USD,20160803 08:58:44.984,1.11988,1.11992
EUR/USD,20160803 09:03:45.006,1.11996,1.12
EUR/USD,20160803 09:08:45.131,1.11991,1.11995
EUR/USD,20160803 09:13:45.247,1.11989,1.1199299999999999
EUR/USD,20160803 09:18:45.417,1.11942,1.11945
EUR/USD,20160803 09:23:46.124,1.11937,1.11941
EUR/USD,20160803 09:28:46.358,1.1193799999999998,1.11943
EUR/USD,20160803 09:33:46.493,1.11917,1.11923
EUR/USD,20160803 09:38:46.526,1.11933,1.11937
EUR/USD,20160803 09:43:47.137,1.11931,1.11937
EUR/USD,20160803 09:48:47.259,1.1194899999999999,1.11951
EUR/USD,20160803 09:53:47.416,1.11935,1.11941
EUR/USD,20160803 09:58:47.570,1.11913,1.11916
EUR/USD,20160803 10:03:47.654,1.11906,1.11911
EUR/USD,20160803 10:08:47.761,1.11951,1.11956
EUR/USD,20160803 10:13:48.201,1.11976,1.1198
EUR/USD,20160803 10:18:49.272,1.11992,1.1199700000000001
EUR/USD,20160803 10:23:49.638,1.1196700000000002,1.11971
EUR/USD,20160803 10:28:50.159,1.11972,1.1197700000000002
EUR/USD,20160803 10:33:50.206,1.12009,1.1201299999999998
EUR/USD,20160803 10:38:50.253,1.12038,1.12043
EUR/USD,20160803 10:43:50.563,1.12039,1.12043
EUR/USD,20160803 10:48:50.839,1.11994,1.11996
EUR/USD,20160803 10:53:50.985,1.12,1.12005
EUR/USD,20160803 10:58:51.066,1.1199299999999999,1.1199700000000001
EUR/USD,20160803 11:03:51.113,1.12006,1.12011
EUR/USD,20160803 11:08:51.208,1.12018,1.12022
EUR/USD,20160803 11:13:51.460,1.11999,1.12004
EUR/USD,20160803 11:18:51.746,1.11985,1.11989
EUR/USD,20160803 11:23:51.983,1.1199,1.11995
EUR/USD,20160803 11:28:52.156,1.11984,1.11988
EUR/USD,20160803 11:33:52.251,1.11984,1.11988
EUR/USD,20160803 11:38:52.273,1.1199700000000001,1.12001
EUR/USD,20160803 11:43:52.346,1.11989,1.11994
EUR/USD,20160803 11:48:52.651,1.11986,1.11988
EUR/USD,20160803 11:53:53.164,1.11995,1.11999
EUR/USD,20160803 11:58:53.270,1.1202,1.12024
EUR/USD,20160803 12:03:53.569,1.12037,1.12042
EUR/USD,20160803 12:08:53.619,1.1200700000000001,1.12009
EUR/USD,20160803 12:13:53.660,1.12011,1.12015
EUR/USD,20160803 12:18:53.757,1.1192,1.11923
EUR/USD,20160803 12:23:53.798,1.11942,1.1194600000000001
EUR/USD,20160803 12:28:53.966,1.11953,1.1195700000000002
EUR/USD,20160803 12:33:54.059,1.11972,1.11976
EUR/USD,20160803 12:38:54.451,1.1195700000000002,1.11961
EUR/USD,20160803 12:43:54.502,1.11945,1.1194899999999999
EUR/USD,20160803 12:48:55.125,1.1195,1.11953
EUR/USD,20160803 12:53:55.268,1.11916,1.11916
EUR/USD,20160803 12:58:55.357,1.1192600000000001,1.1192600000000001
EUR/USD,20160803 13:03:55.510,1.11951,1.11954
EUR/USD,20160803 13:08:55.580,1.11904,1.11906
EUR/USD,20160803 13:13:55.691,1.11843,1.11846
EUR/USD,20160803 13:18:56.122,1.11838,1.11842
EUR/USD,20160803 13:23:56.196,1.11799,1.1180299999999999
EUR/USD,20160803 13:28:56.286,1.11809,1.1181299999999998
EUR/USD,20160803 13:33:56.551,1.1179299999999999,1.1179700000000001
EUR/USD,20160803 13:38:56.579,1.11794,1.11799
EUR/USD,20160803 13:43:56.741,1.1180299999999999,1.1180700000000001
EUR/USD,20160803 13:48:56.848,1.1179700000000001,1.11802
EUR/USD,20160803 13:53:56.903,1.1181299999999998,1.11818
EUR/USD,20160803 13:58:57.156,1.11837,1.11839
EUR/USD,20160803 14:03:57.160,1.1178,1.11785
EUR/USD,20160803 14:08:57.198,1.11743,1.11743
EUR/USD,20160803 14:13:57.320,1.11679,1.1168200000000001
EUR/USD,20160803 14:18:57.382,1.11661,1.11665
EUR/USD,20160803 14:23:57.396,1.11653,1.11658
EUR/USD,20160803 14:28:57.563,1.11659,1.1166200000000002
EUR/USD,20160803 14:33:57.659,1.11669,1.11674
EUR/USD,20160803 14:38:57.785,1.1167,1.11674
EUR/USD,20160803 14:43:57.906,1.11686,1.1169
EUR/USD,20160803 14:48:57.971,1.1168,1.11684
EUR/USD,20160803 14:53:58.155,1.11675,1.1168
EUR/USD,20160803 14:58:58.311,1.11706,1.11709
EUR/USD,20160803 15:03:58.409,1.11748,1.1175
EUR/USD,20160803 15:08:58.463,1.11734,1.11737
EUR/USD,20160803 15:13:58.571,1.1172799999999998,1.11733
EUR/USD,20160803 15:18:58.682,1.11742,1.1174600000000001
EUR/USD,20160803 15:23:58.745,1.1174600000000001,1.1175
EUR/USD,20160803 15:28:58.823,1.1175,1.11754
EUR/USD,20160803 15:33:59.456,1.11752,1.11756
EUR/USD,20160803 15:38:59.823,1.1178299999999999,1.1178700000000001
EUR/USD,20160803 15:43:59.901,1.1179299999999999,1.1179700000000001
EUR/USD,20160803 15:48:59.972,1.1176,1.11765
EUR/USD,20160803 15:54:00.124,1.11751,1.11756
EUR/USD,20160803 15:59:00.229,1.11713,1.11715
EUR/USD,20160803 16:04:00.337,1.11687,1.1169
EUR/USD,20160803 16:09:00.447,1.11701,1.11705
EUR/USD,20160803 16:14:00.578,1.11695,1.11699
EUR/USD,20160803 16:19:00.808,1.117,1.11705
EUR/USD,20160803 16:24:01.150,1.1168,1.11684
EUR/USD,20160803 16:29:01.511,1.11676,1.1168
EUR/USD,20160803 16:34:01.601,1.11724,1.11729
EUR/USD,20160803 16:39:02.214,1.11694,1.1169799999999999
EUR/USD,20160803 16:44:02.792,1.11691,1.11696
EUR/USD,20160803 16:49:03.156,1.11706,1.11709
EUR/USD,20160803 16:54:03.332,1.11733,1.11737
EUR/USD,20160803 16:59:03.456,1.1175700000000002,1.11762
EUR/USD,20160803 17:04:03.548,1.11729,1.11734
EUR/USD,20160803 17:09:03.721,1.11729,1.11734
EUR/USD,20160803 17:14:03.814,1.11721,1.11725
EUR/USD,20160803 17:19:03.990,1.1167200000000002,1.11677
EUR/USD,20160803 17:24:04.087,1.1166399999999999,1.11668
EUR/USD,20160803 17:29:04.647,1.1166399999999999,1.11668
EUR/USD,20160803 17:34:04.677,1.11594,1.11599
EUR/USD,20160803 17:39:04.805,1.11625,1.1163
EUR/USD,20160803 17:44:05.128,1.1161299999999998,1.11617
EUR/USD,20160803 17:49:05.249,1.11578,1.11582
EUR/USD,20160803 17:54:05.308,1.1151799999999998,1.11524
EUR/USD,20160803 17:59:05.373,1.11445,1.11449
EUR/USD,20160803 18:04:05.376,1.1144399999999999,1.11449
EUR/USD,20160803 18:09:05.631,1.1145399999999999,1.11457
EUR/USD,20160803 18:14:06.734,1.1146,1.1146399999999999
EUR/USD,20160803 18:19:06.887,1.1143299999999998,1.11438
EUR/USD,20160803 18:24:07.084,1.11439,1.11443
EUR/USD,20160803 18:29:07.159,1.11449,1.11453
EUR/USD,20160803 18:34:08.347,1.1144399999999999,1.11448
EUR/USD,20160803 18:39:08.516,1.11438,1.11443
EUR/USD,20160803 18:44:08.552,1.11432,1.11436
EUR/USD,20160803 18:49:08.632,1.11424,1.11429
EUR/USD,20160803 18:54:08.823,1.1145,1.1145399999999999
EUR/USD,20160803 18:59:09.116,1.11442,1.11447
EUR/USD,20160803 19:04:09.363,1.11461,1.1146399999999999
EUR/USD,20160803 19:09:09.372,1.11465,1.11467
EUR/USD,20160803 19:14:09.507,1.11485,1.11489
EUR/USD,20160803 19:19:09.646,1.1148799999999999,1.11494
EUR/USD,20160803 19:24:10.152,1.11475,1.1148
EUR/USD,20160803 19:29:10.194,1.11473,1.11477
EUR/USD,20160803 19:34:10.282,1.1146399999999999,1.11469
EUR/USD,20160803 19:39:10.337,1.11469,1.11473
EUR/USD,20160803 19:44:10.974,1.11477,1.1148200000000001
EUR/USD,20160803 19:49:11.051,1.11487,1.1149200000000001
EUR/USD,20160803 19:54:11.070,1.11499,1.11504
EUR/USD,20160803 19:59:11.148,1.11476,1.1148
EUR/USD,20160803 20:04:11.234,1.1147799999999999,1.11484
EUR/USD,20160803 20:09:11.825,1.11477,1.11483
EUR/USD,20160803 20:14:12.159,1.11477,1.1148200000000001
EUR/USD,20160803 20:19:12.162,1.11484,1.1149
EUR/USD,20160803 20:24:12.236,1.1149200000000001,1.1149799999999999
EUR/USD,20160803 20:29:12.318,1.11474,1.1148
EUR/USD,20160803 20:34:13.097,1.11483,1.11489
EUR/USD,20160803 20:39:13.637,1.11479,1.1148799999999999
EUR/USD,20160803 20:44:13.999,1.11497,1.11501
EUR/USD,20160803 20:49:14.898,1.1148799999999999,1.11495
EUR/USD,20160803 20:54:14.925,1.11506,1.1151200000000001
EUR/USD,20160803 20:59:15.003,1.11499,1.1150799999999998
EUR/USD,20160803 21:04:24.611,1.11398,1.11586
EUR/USD,20160803 21:09:25.457,1.11491,1.11504
EUR/USD,20160803 21:14:25.539,1.1149200000000001,1.11501
EUR/USD,20160803 21:19:25.827,1.11494,1.11505
EUR/USD,20160803 21:24:26.261,1.11494,1.11507
EUR/USD,20160803 21:29:26.609,1.11497,1.1150799999999998
EUR/USD,20160803 21:34:26.788,1.11499,1.1151
EUR/USD,20160803 21:39:27.913,1.1148200000000001,1.11495
EUR/USD,20160803 21:44:30.425,1.11486,1.11501
EUR/USD,20160803 21:49:30.536,1.11493,1.11511
EUR/USD,20160803 21:54:31.707,1.11494,1.11505
EUR/USD,20160803 21:59:33.564,1.11497,1.1150799999999998
EUR/USD,20160803 22:04:34.820,1.11484,1.11495
EUR/USD,20160803 22:09:35.452,1.1148799999999999,1.11497
EUR/USD,20160803 22:14:35.579,1.11485,1.11495
EUR/USD,20160803 22:19:36.631,1.11474,1.11485
EUR/USD,20160803 22:24:36.698,1.11476,1.11486
EUR/USD,20160803 22:29:37.086,1.11476,1.11485
EUR/USD,20160803 22:34:37.137,1.11486,1.11493
EUR/USD,20160803 22:39:37.137,1.11481,1.11491
EUR/USD,20160803 22:44:37.524,1.1147799999999999,1.1148799999999999
EUR/USD,20160803 22:49:38.194,1.11485,1.11493
EUR/USD,20160803 22:54:38.710,1.11493,1.11499
EUR/USD,20160803 22:59:40.001,1.11496,1.115
EUR/USD,20160803 23:04:40.004,1.11484,1.11491
EUR/USD,20160803 23:09:40.127,1.11484,1.11491
EUR/USD,20160803 23:14:40.443,1.1148200000000001,1.11489
EUR/USD,20160803 23:19:40.492,1.11476,1.11483
EUR/USD,20160803 23:24:40.620,1.1147799999999999,1.11485
EUR/USD,20160803 23:29:41.580,1.11476,1.11483
EUR/USD,20160803 23:34:42.267,1.11484,1.1149
EUR/USD,20160803 23:39:42.660,1.11484,1.1149
EUR/USD,20160803 23:44:45.201,1.11483,1.1148799999999999
EUR/USD,20160803 23:49:45.457,1.11496,1.1150200000000001
EUR/USD,20160803 23:54:46.657,1.11496,1.1150200000000001
EUR/USD,20160803 23:59:47.357,1.11507,1.11513
EUR/USD,20160804 00:04:47.433,1.11513,1.1151799999999998
EUR/USD,20160804 00:09:47.509,1.11504,1.11509
EUR/USD,20160804 00:14:47.817,1.1148,1.11485
EUR/USD,20160804 00:19:48.063,1.1148200000000001,1.11487
EUR/USD,20160804 00:24:48.083,1.11484,1.11487
EUR/USD,20160804 00:29:48.230,1.11487,1.1149200000000001
EUR/USD,20160804 00:34:48.564,1.11484,1.1149
EUR/USD,20160804 00:39:48.707,1.11486,1.1149200000000001
EUR/USD,20160804 00:44:48.718,1.11466,1.1147200000000002
EUR/USD,20160804 00:49:50.431,1.1146200000000002,1.11468
EUR/USD,20160804 00:54:50.431,1.1144,1.11446
EUR/USD,20160804 00:59:50.508,1.11445,1.11448
EUR/USD,20160804 01:04:51.659,1.1142299999999998,1.11426
EUR/USD,20160804 01:09:51.763,1.11396,1.11401
EUR/USD,20160804 01:14:51.879,1.11395,1.114
EUR/USD,20160804 01:19:53.301,1.11381,1.1138700000000001
EUR/USD,20160804 01:24:53.431,1.11376,1.11382
EUR/USD,20160804 01:29:53.748,1.11412,1.11418
EUR/USD,20160804 01:34:53.774,1.11461,1.11466
EUR/USD,20160804 01:39:53.781,1.11499,1.11503
EUR/USD,20160804 01:44:53.814,1.1150200000000001,1.11509
EUR/USD,20160804 01:49:55.519,1.1151799999999998,1.11523
EUR/USD,20160804 01:54:55.529,1.11523,1.1152600000000001
EUR/USD,20160804 01:59:56.571,1.11515,1.1152
EUR/USD,20160804 02:04:56.718,1.1151799999999998,1.11524
EUR/USD,20160804 02:09:57.052,1.11509,1.11514
EUR/USD,20160804 02:14:57.232,1.11525,1.11529
EUR/USD,20160804 02:19:57.302,1.11513,1.1151799999999998
EUR/USD,20160804 02:24:58.695,1.11501,1.11507
EUR/USD,20160804 02:29:58.710,1.11513,1.11517
EUR/USD,20160804 02:34:59.035,1.11486,1.1149200000000001
EUR/USD,20160804 02:39:59.095,1.11469,1.11474
EUR/USD,20160804 02:45:00.030,1.11447,1.1145200000000002
EUR/USD,20160804 02:50:00.435,1.11443,1.11448
EUR/USD,20160804 02:55:00.478,1.11473,1.11477
EUR/USD,20160804 03:00:00.607,1.11489,1.11493
EUR/USD,20160804 03:05:00.727,1.11465,1.1147
EUR/USD,20160804 03:10:01.639,1.11457,1.1146
EUR/USD,20160804 03:15:03.416,1.1145100000000001,1.11457
EUR/USD,20160804 03:20:03.487,1.1145399999999999,1.1146
EUR/USD,20160804 03:25:04.185,1.11465,1.11469
EUR/USD,20160804 03:30:05.348,1.11458,1.1146399999999999
EUR/USD,20160804 03:35:05.391,1.11471,1.11475
EUR/USD,20160804 03:40:05.632,1.11475,1.1148
EUR/USD,20160804 03:45:05.769,1.11474,1.11479
EUR/USD,20160804 03:50:05.938,1.11465,1.1147
EUR/USD,20160804 03:55:06.424,1.1145100000000001,1.1145399999999999
EUR/USD,20160804 04:00:06.454,1.11442,1.11447
EUR/USD,20160804 04:05:06.760,1.1144,1.11445
EUR/USD,20160804 04:10:07.025,1.11439,1.1144399999999999
EUR/USD,20160804 04:15:07.983,1.11438,1.11443
EUR/USD,20160804 04:20:08.128,1.11432,1.11438
EUR/USD,20160804 04:25:08.165,1.11428,1.1143
EUR/USD,20160804 04:30:08.654,1.1143,1.11435
EUR/USD,20160804 04:35:08.911,1.11442,1.11448
EUR/USD,20160804 04:40:09.478,1.1145200000000002,1.11455
EUR/USD,20160804 04:45:09.501,1.11463,1.11468
EUR/USD,20160804 04:50:10.458,1.11457,1.1146
EUR/USD,20160804 04:55:11.612,1.11456,1.1146
EUR/USD,20160804 05:00:11.681,1.1146,1.11465
EUR/USD,20160804 05:05:11.876,1.11457,1.11461
EUR/USD,20160804 05:10:11.940,1.1144100000000001,1.11447
EUR/USD,20160804 05:15:12.092,1.1144100000000001,1.11446
EUR/USD,20160804 05:20:12.323,1.1144399999999999,1.1145100000000001
EUR/USD,20160804 05:25:12.362,1.11449,1.11453
EUR/USD,20160804 05:30:12.430,1.11448,1.1145399999999999
EUR/USD,20160804 05:35:15.478,1.11445,1.1145
EUR/USD,20160804 05:40:16.652,1.11425,1.11429
EUR/USD,20160804 05:45:16.714,1.11426,1.11432
EUR/USD,20160804 05:50:16.781,1.11429,1.1143399999999999
EUR/USD,20160804 05:55:16.882,1.11428,1.1143399999999999
EUR/USD,20160804 06:00:17.029,1.11386,1.11392
EUR/USD,20160804 06:05:17.537,1.11412,1.11416
EUR/USD,20160804 06:10:17.878,1.11412,1.11414
EUR/USD,20160804 06:15:17.926,1.11429,1.1143299999999998
EUR/USD,20160804 06:20:17.927,1.11406,1.11411
EUR/USD,20160804 06:25:17.939,1.11427,1.1143100000000001
EUR/USD,20160804 06:30:18.069,1.11442,1.11445
EUR/USD,20160804 06:35:18.255,1.11437,1.11443
EUR/USD,20160804 06:40:18.365,1.11449,1.1145
EUR/USD,20160804 06:45:18.395,1.11379,1.11384
EUR/USD,20160804 06:50:18.474,1.11355,1.1135899999999999
EUR/USD,20160804 06:55:18.509,1.1132600000000001,1.11329
EUR/USD,20160804 07:00:18.598,1.11299,1.113
EUR/USD,20160804 07:05:18.699,1.11311,1.11316
EUR/USD,20160804 07:10:18.845,1.1128799999999999,1.1129
EUR/USD,20160804 07:15:18.939,1.11309,1.11312
EUR/USD,20160804 07:20:18.980,1.11291,1.11295
EUR/USD,20160804 07:25:19.329,1.11337,1.1134
EUR/USD,20160804 07:30:19.337,1.1137299999999999,1.1137700000000001
EUR/USD,20160804 07:35:19.462,1.11398,1.11402
EUR/USD,20160804 07:40:19.466,1.11374,1.11375
EUR/USD,20160804 07:45:19.622,1.1135,1.11354
EUR/USD,20160804 07:50:20.044,1.1133600000000001,1.1134
EUR/USD,20160804 07:55:20.060,1.1134700000000002,1.11352
EUR/USD,20160804 08:00:20.096,1.11356,1.11361
EUR/USD,20160804 08:05:20.239,1.11386,1.11391
EUR/USD,20160804 08:10:20.369,1.1138,1.11384
EUR/USD,20160804 08:15:20.435,1.1139,1.11395
EUR/USD,20160804 08:20:20.528,1.11379,1.11382
EUR/USD,20160804 08:25:20.529,1.1139299999999999,1.11396
EUR/USD,20160804 08:30:20.534,1.11348,1.11353
EUR/USD,20160804 08:35:20.631,1.1137,1.11375
EUR/USD,20160804 08:40:20.669,1.1138299999999999,1.1138700000000001
EUR/USD,20160804 08:45:20.679,1.1137700000000001,1.11381
EUR/USD,20160804 08:50:20.734,1.11355,1.1135899999999999
EUR/USD,20160804 08:55:20.771,1.11355,1.1135899999999999
EUR/USD,20160804 09:00:20.827,1.1134,1.11344
EUR/USD,20160804 09:05:20.851,1.11315,1.1132
EUR/USD,20160804 09:10:21.318,1.1132,1.11324
EUR/USD,20160804 09:15:21.457,1.1131799999999998,1.1132
EUR/USD,20160804 09:20:21.518,1.11316,1.11319
EUR/USD,20160804 09:25:21.654,1.11312,1.11315
EUR/USD,20160804 09:30:21.750,1.11311,1.11315
EUR/USD,20160804 09:35:21.810,1.11287,1.11291
EUR/USD,20160804 09:40:21.983,1.11268,1.1127
EUR/USD,20160804 09:45:23.022,1.11276,1.11281
EUR/USD,20160804 09:50:23.163,1.11289,1.11294
EUR/USD,20160804 09:55:23.292,1.11276,1.11281
EUR/USD,20160804 10:00:23.967,1.11266,1.1127
EUR/USD,20160804 10:05:23.998,1.11275,1.11279
EUR/USD,20160804 10:10:24.144,1.11306,1.1131
EUR/USD,20160804 10:15:24.208,1.1127799999999999,1.1128200000000001
EUR/USD,20160804 10:20:24.213,1.11316,1.1132
EUR/USD,20160804 10:25:24.319,1.11319,1.11321
EUR/USD,20160804 10:30:24.441,1.1131,1.11314
EUR/USD,20160804 10:35:25.022,1.11312,1.11317
EUR/USD,20160804 10:40:25.063,1.11325,1.1133
EUR/USD,20160804 10:45:25.214,1.1134700000000002,1.1135
EUR/USD,20160804 10:50:25.248,1.1137299999999999,1.1137700000000001
EUR/USD,20160804 10:55:25.384,1.1135899999999999,1.11364
EUR/USD,20160804 11:00:25.464,1.11353,1.1136
EUR/USD,20160804 11:05:25.481,1.11338,1.1134
EUR/USD,20160804 11:10:25.562,1.11287,1.1129200000000001
EUR/USD,20160804 11:15:25.635,1.1130200000000001,1.11307
EUR/USD,20160804 11:20:25.658,1.11269,1.11274
EUR/USD,20160804 11:25:25.704,1.11268,1.1127200000000002
EUR/USD,20160804 11:30:25.763,1.11283,1.1128799999999999
EUR/USD,20160804 11:35:25.828,1.11201,1.11206
EUR/USD,20160804 11:40:25.923,1.1117299999999999,1.11179
EUR/USD,20160804 11:45:26.052,1.11209,1.1121299999999998
EUR/USD,20160804 11:50:26.091,1.1119700000000001,1.112
EUR/USD,20160804 11:55:26.169,1.11209,1.11212
EUR/USD,20160804 12:00:26.772,1.11218,1.1122100000000001
EUR/USD,20160804 12:05:26.904,1.11276,1.1127799999999999
EUR/USD,20160804 12:10:26.910,1.1133,1.11334
EUR/USD,20160804 12:15:26.933,1.1137299999999999,1.1137700000000001
EUR/USD,20160804 12:20:26.940,1.11358,1.11363
EUR/USD,20160804 12:25:27.077,1.1136,1.11363
EUR/USD,20160804 12:30:27.148,1.11372,1.11378
EUR/USD,20160804 12:35:27.304,1.11447,1.1145100000000001
EUR/USD,20160804 12:40:27.421,1.11424,1.11428
EUR/USD,20160804 12:45:27.474,1.11415,1.11419
EUR/USD,20160804 12:50:27.497,1.11401,1.11404
EUR/USD,20160804 12:55:27.624,1.11419,1.11422
EUR/USD,20160804 13:00:27.708,1.1144,1.1144399999999999
EUR/USD,20160804 13:05:27.814,1.11432,1.11437
EUR/USD,20160804 13:10:27.882,1.1139,1.11395
EUR/USD,20160804 13:15:27.979,1.1139299999999999,1.11398
EUR/USD,20160804 13:20:28.097,1.1143,1.1143299999999998
EUR/USD,20160804 13:25:28.244,1.11406,1.1141
EUR/USD,20160804 13:30:28.365,1.11415,1.11418
EUR/USD,20160804 13:35:28.485,1.11399,1.11404
EUR/USD,20160804 13:40:28.589,1.11404,1.11409
EUR/USD,20160804 13:45:28.654,1.1137299999999999,1.1137700000000001
EUR/USD,20160804 13:50:28.725,1.11389,1.11394
EUR/USD,20160804 13:55:28.973,1.11461,1.1146399999999999
EUR/USD,20160804 14:00:29.050,1.11429,1.1143399999999999
EUR/USD,20160804 14:05:29.372,1.1142299999999998,1.11426
EUR/USD,20160804 14:10:29.612,1.11459,1.1146200000000002
EUR/USD,20160804 14:15:29.719,1.11471,1.11476
EUR/USD,20160804 14:20:29.808,1.11453,1.11457
EUR/USD,20160804 14:25:29.814,1.1146399999999999,1.11468
EUR/USD,20160804 14:30:29.859,1.11453,1.11458
EUR/USD,20160804 14:35:29.891,1.1146399999999999,1.11467
EUR/USD,20160804 14:40:29.893,1.11417,1.11419
EUR/USD,20160804 14:45:30.051,1.11438,1.11442
EUR/USD,20160804 14:50:30.134,1.1142,1.11424
EUR/USD,20160804 14:55:30.176,1.1137299999999999,1.11376
EUR/USD,20160804 15:00:30.291,1.11368,1.11372
EUR/USD,20160804 15:05:30.434,1.1138,1.11384
EUR/USD,20160804 15:10:30.521,1.11363,1.1136700000000002
EUR/USD,20160804 15:15:30.696,1.11411,1.11415
EUR/USD,20160804 15:20:30.716,1.11364,1.11368
EUR/USD,20160804 15:25:30.771,1.1134899999999999,1.11352
EUR/USD,20160804 15:30:30.799,1.11358,1.11363
EUR/USD,20160804 15:35:30.873,1.11356,1.1135899999999999
EUR/USD,20160804 15:40:30.878,1.11352,1.11358
EUR/USD,20160804 15:45:30.883,1.11319,1.11322
EUR/USD,20160804 15:50:31.543,1.11342,1.1134600000000001
EUR/USD,20160804 15:55:31.625,1.11335,1.1133899999999999
EUR/USD,20160804 16:00:31.677,1.1133899999999999,1.11341
EUR/USD,20160804 16:05:31.702,1.11363,1.1136700000000002
EUR/USD,20160804 16:10:31.751,1.1137299999999999,1.11375
EUR/USD,20160804 16:15:32.050,1.1135,1.11353
EUR/USD,20160804 16:20:33.188,1.11322,1.11327
EUR/USD,20160804 16:25:33.317,1.1134,1.11344
EUR/USD,20160804 16:30:33.444,1.11354,1.11356
EUR/USD,20160804 16:35:33.749,1.11333,1.11338
EUR/USD,20160804 16:40:33.928,1.11348,1.11352
EUR/USD,20160804 16:45:34.405,1.11358,1.11362
EUR/USD,20160804 16:50:34.418,1.11358,1.11362
EUR/USD,20160804 16:55:34.678,1.1134899999999999,1.11352
EUR/USD,20160804 17:00:34.689,1.1136,1.11364
EUR/USD,20160804 17:05:34.821,1.1135,1.11355
EUR/USD,20160804 17:10:34.898,1.11344,1.11348
EUR/USD,20160804 17:15:34.955,1.11337,1.11342
EUR/USD,20160804 17:20:35.486,1.1132799999999998,1.11333
EUR/USD,20160804 17:25:35.991,1.11314,1.1131799999999998
EUR/USD,20160804 17:30:35.998,1.1131,1.11315
EUR/USD,20160804 17:35:36.153,1.11299,1.11304
EUR/USD,20160804 17:40:36.295,1.11297,1.11301
EUR/USD,20160804 17:45:36.454,1.11312,1.11317
EUR/USD,20160804 17:50:36.511,1.1132,1.1132600000000001
EUR/USD,20160804 17:55:36.576,1.1131799999999998,1.11322
EUR/USD,20160804 18:00:36.731,1.1131,1.11314
EUR/USD,20160804 18:05:37.494,1.11306,1.11311
EUR/USD,20160804 18:10:37.611,1.11309,1.11313
EUR/USD,20160804 18:15:40.083,1.11312,1.11316
EUR/USD,20160804 18:20:40.202,1.1131799999999998,1.11323
EUR/USD,20160804 18:25:40.245,1.11333,1.1133899999999999
EUR/USD,20160804 18:30:40.402,1.11329,1.11334
EUR/USD,20160804 18:35:40.484,1.11344,1.1134600000000001
EUR/USD,20160804 18:40:40.513,1.11319,1.11323
EUR/USD,20160804 18:45:40.563,1.11313,1.1131799999999998
EUR/USD,20160804 18:50:41.104,1.1130799999999998,1.1131
EUR/USD,20160804 18:55:41.623,1.11311,1.11315
EUR/USD,20160804 19:00:42.481,1.11277,1.11281
EUR/USD,20160804 19:05:42.582,1.11291,1.11294
EUR/USD,20160804 19:10:43.614,1.1128799999999999,1.11293
EUR/USD,20160804 19:15:45.129,1.11279,1.11283
EUR/USD,20160804 19:20:45.362,1.1127200000000002,1.11276
EUR/USD,20160804 19:25:45.458,1.11267,1.11271
EUR/USD,20160804 19:30:45.627,1.1129,1.11294
EUR/USD,20160804 19:35:46.221,1.1127799999999999,1.11284
EUR/USD,20160804 19:40:46.599,1.1129,1.11294
EUR/USD,20160804 19:45:46.645,1.11301,1.11304
EUR/USD,20160804 19:50:46.697,1.1129799999999999,1.11303
EUR/USD,20160804 19:55:46.896,1.11287,1.11291
EUR/USD,20160804 20:00:47.436,1.1131,1.11314
EUR/USD,20160804 20:05:48.826,1.11303,1.1130799999999998
EUR/USD,20160804 20:10:49.262,1.1127799999999999,1.11283
EUR/USD,20160804 20:15:50.075,1.11274,1.11279
EUR/USD,20160804 20:20:50.174,1.11299,1.11304
EUR/USD,20160804 20:25:50.321,1.11284,1.1128799999999999
EUR/USD,20160804 20:30:50.503,1.1128799999999999,1.11294
EUR/USD,20160804 20:35:51.279,1.11277,1.11285
EUR/USD,20160804 20:40:52.212,1.11276,1.11283
EUR/USD,20160804 20:45:53.250,1.11303,1.11309
EUR/USD,20160804 20:50:54.074,1.11293,1.11301
EUR/USD,20160804 20:55:54.147,1.11293,1.113
EUR/USD,20160804 21:01:39.931,1.11259,1.11325
EUR/USD,20160804 21:06:40.020,1.11273,1.11306
EUR/USD,20160804 21:11:40.415,1.11279,1.11305
EUR/USD,20160804 21:16:41.668,1.1128200000000001,1.11309
EUR/USD,20160804 21:21:45.531,1.11322,1.11335
EUR/USD,20160804 21:26:45.984,1.11285,1.11307
EUR/USD,20160804 21:31:46.636,1.1128,1.11287
EUR/USD,20160804 21:36:46.694,1.1127,1.11291
EUR/USD,20160804 21:41:50.524,1.11274,1.11295
EUR/USD,20160804 21:46:50.620,1.11276,1.11291
EUR/USD,20160804 21:51:50.877,1.11279,1.11294
EUR/USD,20160804 21:56:51.764,1.11281,1.1129
EUR/USD,20160804 22:01:51.910,1.1126,1.11273
EUR/USD,20160804 22:06:52.241,1.11263,1.1127799999999999
EUR/USD,20160804 22:11:55.356,1.11276,1.11287
EUR/USD,20160804 22:16:55.389,1.1127200000000002,1.1128200000000001
EUR/USD,20160804 22:21:55.604,1.11279,1.11287
EUR/USD,20160804 22:26:56.462,1.11277,1.11286
EUR/USD,20160804 22:31:56.615,1.11263,1.11271
EUR/USD,20160804 22:36:56.670,1.1127,1.11276
EUR/USD,20160804 22:41:57.226,1.11273,1.11281
EUR/USD,20160804 22:46:59.694,1.11269,1.11276
EUR/USD,20160804 22:51:59.788,1.11271,1.11277
EUR/USD,20160804 22:56:59.915,1.11281,1.1128799999999999
EUR/USD,20160804 23:01:59.927,1.1130200000000001,1.1130799999999998
EUR/USD,20160804 23:06:59.962,1.11316,1.1132
EUR/USD,20160804 23:12:00.109,1.113,1.1130799999999998
EUR/USD,20160804 23:17:00.341,1.11285,1.11291
EUR/USD,20160804 23:22:00.573,1.11281,1.11287
EUR/USD,20160804 23:27:01.421,1.11284,1.1129
EUR/USD,20160804 23:32:02.691,1.1128799999999999,1.1129200000000001
EUR/USD,20160804 23:37:05.417,1.11285,1.11291
EUR/USD,20160804 23:42:05.535,1.11303,1.1130799999999998
EUR/USD,20160804 23:47:05.727,1.11315,1.11319
EUR/USD,20160804 23:52:06.125,1.11329,1.11334
EUR/USD,20160804 23:57:06.203,1.11335,1.11341
EUR/USD,20160805 00:02:06.319,1.11337,1.11343
EUR/USD,20160805 00:07:06.625,1.1133600000000001,1.11343
EUR/USD,20160805 00:12:06.787,1.1133600000000001,1.11341
EUR/USD,20160805 00:17:07.001,1.1132600000000001,1.1133
EUR/USD,20160805 00:22:07.179,1.1133,1.1133600000000001
EUR/USD,20160805 00:27:08.875,1.1133,1.11335
EUR/USD,20160805 00:32:10.505,1.11317,1.11322
EUR/USD,20160805 00:37:10.537,1.11305,1.1131
EUR/USD,20160805 00:42:10.597,1.1129799999999999,1.11303
EUR/USD,20160805 00:47:10.766,1.11291,1.11297
EUR/USD,20160805 00:52:11.133,1.11306,1.1131
EUR/USD,20160805 00:57:11.670,1.11317,1.11324
EUR/USD,20160805 01:02:12.020,1.11317,1.11321
EUR/USD,20160805 01:07:12.285,1.1129799999999999,1.11303
EUR/USD,20160805 01:12:14.222,1.11306,1.11309
EUR/USD,20160805 01:17:15.145,1.11296,1.11301
EUR/USD,20160805 01:22:15.503,1.1130200000000001,1.11309
EUR/USD,20160805 01:27:15.527,1.11312,1.11317
EUR/USD,20160805 01:32:15.541,1.11296,1.113
EUR/USD,20160805 01:37:16.635,1.11312,1.11316
EUR/USD,20160805 01:42:18.511,1.1132799999999998,1.11334
EUR/USD,20160805 01:47:18.568,1.11331,1.11334
EUR/USD,20160805 01:52:18.836,1.11317,1.11323
EUR/USD,20160805 01:57:18.841,1.11322,1.11327
EUR/USD,20160805 02:02:19.250,1.1132,1.11325
EUR/USD,20160805 02:07:19.653,1.11321,1.1132600000000001
EUR/USD,20160805 02:12:19.909,1.11321,1.1132600000000001
EUR/USD,20160805 02:17:19.966,1.11316,1.11321
EUR/USD,20160805 02:22:20.046,1.11322,1.11327
EUR/USD,20160805 02:27:20.174,1.11306,1.11312
EUR/USD,20160805 02:32:20.184,1.1131,1.11316
EUR/USD,20160805 02:37:20.936,1.11312,1.11317
EUR/USD,20160805 02:42:21.610,1.11322,1.11325
EUR/USD,20160805 02:47:21.665,1.11337,1.11343
EUR/USD,20160805 02:52:22.885,1.11323,1.11327
EUR/USD,20160805 02:57:24.436,1.11344,1.11348
EUR/USD,20160805 03:02:24.716,1.11342,1.11345
EUR/USD,20160805 03:07:25.557,1.11344,1.11348
EUR/USD,20160805 03:12:25.611,1.11348,1.11353
EUR/USD,20160805 03:17:26.224,1.11351,1.11355
EUR/USD,20160805 03:22:26.371,1.1133899999999999,1.11344
EUR/USD,20160805 03:27:26.473,1.11345,1.1135
EUR/USD,20160805 03:32:26.606,1.11345,1.11352
EUR/USD,20160805 03:37:27.420,1.1134700000000002,1.11351
EUR/USD,20160805 03:42:27.573,1.1134,1.11345
EUR/USD,20160805 03:47:27.700,1.1134,1.11345
EUR/USD,20160805 03:52:28.090,1.11338,1.11344
EUR/USD,20160805 03:57:28.862,1.11342,1.1134700000000002
EUR/USD,20160805 04:02:29.095,1.11344,1.11348
EUR/USD,20160805 04:07:29.506,1.1133600000000001,1.1134
EUR/USD,20160805 04:12:30.543,1.1134600000000001,1.1135
EUR/USD,20160805 04:17:30.586,1.11352,1.1135700000000002
EUR/USD,20160805 04:22:30.693,1.11351,1.11356
EUR/USD,20160805 04:27:31.420,1.11351,1.11355
EUR/USD,20160805 04:32:31.624,1.11355,1.11358
EUR/USD,20160805 04:37:31.815,1.1135700000000002,1.11363
EUR/USD,20160805 04:42:32.817,1.1136,1.11363
EUR/USD,20160805 04:47:32.942,1.1136,1.11365
EUR/USD,20160805 04:52:33.839,1.11364,1.1137
EUR/USD,20160805 04:57:33.885,1.11364,1.11369
EUR/USD,20160805 05:02:34.514,1.11353,1.11358
EUR/USD,20160805 05:07:34.944,1.11358,1.11364
EUR/USD,20160805 05:12:35.052,1.1136,1.11365
EUR/USD,20160805 05:17:35.242,1.1136,1.11364
EUR/USD,20160805 05:22:35.248,1.11375,1.1138
EUR/USD,20160805 05:27:35.493,1.1138,1.1138299999999999
EUR/USD,20160805 05:32:35.686,1.11382,1.11388
EUR/USD,20160805 05:37:35.865,1.11388,1.1139299999999999
EUR/USD,20160805 05:42:35.893,1.11402,1.11406
EUR/USD,20160805 05:47:36.036,1.11389,1.11395
EUR/USD,20160805 05:52:36.186,1.11394,1.114
EUR/USD,20160805 05:57:36.460,1.114,1.11406
EUR/USD,20160805 06:02:36.644,1.1141,1.1141299999999998
EUR/USD,20160805 06:07:36.666,1.11432,1.11436
EUR/USD,20160805 06:12:36.699,1.11435,1.1144100000000001
EUR/USD,20160805 06:17:36.852,1.11429,1.11435
EUR/USD,20160805 06:22:38.070,1.11411,1.11416
EUR/USD,20160805 06:27:39.855,1.11406,1.11411
EUR/USD,20160805 06:32:40.533,1.11398,1.114
EUR/USD,20160805 06:37:40.598,1.11396,1.11402
EUR/USD,20160805 06:42:40.901,1.1141,1.11415
EUR/USD,20160805 06:47:41.152,1.11394,1.11398
EUR/USD,20160805 06:52:41.271,1.11405,1.11408
EUR/USD,20160805 06:57:41.354,1.11405,1.1140700000000001
EUR/USD,20160805 07:02:41.611,1.11436,1.11439
EUR/USD,20160805 07:07:41.730,1.11416,1.11422
EUR/USD,20160805 07:12:42.045,1.11435,1.11438
EUR/USD,20160805 07:17:42.193,1.1136700000000002,1.11372
EUR/USD,20160805 07:22:42.447,1.11362,1.1136700000000002
EUR/USD,20160805 07:27:42.490,1.1133600000000001,1.1134
EUR/USD,20160805 07:32:42.575,1.11364,1.11368
EUR/USD,20160805 07:37:42.736,1.11356,1.11361
EUR/USD,20160805 07:42:42.824,1.11375,1.11378
EUR/USD,20160805 07:47:42.982,1.11366,1.1137
EUR/USD,20160805 07:52:43.724,1.11388,1.1139299999999999
EUR/USD,20160805 07:57:43.753,1.1140299999999999,1.11408
EUR/USD,20160805 08:02:43.840,1.11416,1.11419
EUR/USD,20160805 08:07:43.840,1.11404,1.11409
EUR/USD,20160805 08:12:44.250,1.11412,1.11416
EUR/USD,20160805 08:17:44.645,1.11406,1.11411
EUR/USD,20160805 08:22:44.693,1.11432,1.11438
EUR/USD,20160805 08:27:44.836,1.11428,1.1143299999999998
EUR/USD,20160805 08:32:44.923,1.11381,1.11385
EUR/USD,20160805 08:37:45.017,1.11449,1.1145399999999999
EUR/USD,20160805 08:42:45.047,1.11437,1.11442
EUR/USD,20160805 08:47:45.051,1.11485,1.1148799999999999
EUR/USD,20160805 08:52:45.088,1.1147799999999999,1.11481
EUR/USD,20160805 08:57:45.552,1.11507,1.1151
EUR/USD,20160805 09:02:45.789,1.1147200000000002,1.11474
EUR/USD,20160805 09:07:45.928,1.1146200000000002,1.11466
EUR/USD,20160805 09:12:46.681,1.11475,1.1147799999999999
EUR/USD,20160805 09:17:46.756,1.1147200000000002,1.11477
EUR/USD,20160805 09:22:46.955,1.11453,1.11457
EUR/USD,20160805 09:27:47.042,1.11468,1.1147200000000002
EUR/USD,20160805 09:32:47.212,1.11438,1.1144100000000001
EUR/USD,20160805 09:37:47.282,1.1144399999999999,1.11448
EUR/USD,20160805 09:42:47.991,1.11429,1.1143399999999999
EUR/USD,20160805 09:47:48.004,1.11458,1.1146200000000002
EUR/USD,20160805 09:52:48.103,1.11429,1.11432
EUR/USD,20160805 09:57:48.229,1.11409,1.1141299999999998
EUR/USD,20160805 10:02:48.429,1.1141299999999998,1.11416
EUR/USD,20160805 10:07:48.843,1.11435,1.1144
EUR/USD,20160805 10:12:48.850,1.11442,1.11446
EUR/USD,20160805 10:17:48.973,1.1145399999999999,1.11459
EUR/USD,20160805 10:22:49.196,1.11487,1.11489
EUR/USD,20160805 10:27:50.459,1.1147,1.11473
EUR/USD,20160805 10:32:50.476,1.1145200000000002,1.11457
EUR/USD,20160805 10:37:50.551,1.11446,1.11448
EUR/USD,20160805 10:42:50.676,1.11463,1.11466
EUR/USD,20160805 10:47:50.794,1.11463,1.11468
EUR/USD,20160805 10:52:51.302,1.11458,1.1146200000000002
EUR/USD,20160805 10:57:51.326,1.11474,1.11479
EUR/USD,20160805 11:02:51.397,1.1148,1.11483
EUR/USD,20160805 11:07:51.644,1.1149,1.11495
EUR/USD,20160805 11:12:51.798,1.1151799999999998,1.1152
EUR/USD,20160805 11:17:51.910,1.1152799999999998,1.11531
EUR/USD,20160805 11:22:52.041,1.11533,1.1153600000000001
EUR/USD,20160805 11:27:52.150,1.1154899999999999,1.11553
EUR/USD,20160805 11:32:52.242,1.11575,1.1158
EUR/USD,20160805 11:37:52.362,1.11574,1.11579
EUR/USD,20160805 11:42:52.515,1.11562,1.11564
EUR/USD,20160805 11:47:53.045,1.1157700000000002,1.11578
EUR/USD,20160805 11:52:53.224,1.11551,1.11553
EUR/USD,20160805 11:57:53.274,1.11541,1.11545
EUR/USD,20160805 12:02:53.379,1.1154600000000001,1.1155
EUR/USD,20160805 12:07:53.560,1.11608,1.11612
EUR/USD,20160805 12:12:53.825,1.11543,1.1154600000000001
EUR/USD,20160805 12:17:54.245,1.1157700000000002,1.11582
EUR/USD,20160805 12:22:54.248,1.11544,1.1154899999999999
EUR/USD,20160805 12:27:54.324,1.11574,1.11579
EUR/USD,20160805 12:32:54.382,1.1103299999999998,1.1104
EUR/USD,20160805 12:37:54.447,1.1088799999999999,1.10889
EUR/USD,20160805 12:42:54.447,1.10975,1.10979
EUR/USD,20160805 12:47:54.453,1.10958,1.10964
EUR/USD,20160805 12:52:54.512,1.10887,1.1089
EUR/USD,20160805 12:57:54.526,1.1085,1.10855
EUR/USD,20160805 13:02:54.618,1.10801,1.10805
EUR/USD,20160805 13:07:54.620,1.10746,1.1074899999999999
EUR/USD,20160805 13:12:54.717,1.10732,1.1073600000000001
EUR/USD,20160805 13:17:54.767,1.10755,1.10761
EUR/USD,20160805 13:22:54.789,1.10741,1.10743
EUR/USD,20160805 13:27:54.835,1.10608,1.1061299999999998
EUR/USD,20160805 13:32:54.853,1.10596,1.10601
EUR/USD,20160805 13:37:54.995,1.10514,1.10517
EUR/USD,20160805 13:42:55.053,1.10484,1.10487
EUR/USD,20160805 13:47:55.064,1.10532,1.10537
EUR/USD,20160805 13:52:55.172,1.1057,1.1057299999999999
EUR/USD,20160805 13:57:55.190,1.10594,1.1059700000000001
EUR/USD,20160805 14:02:55.258,1.1052,1.10524
EUR/USD,20160805 14:07:55.319,1.1050799999999998,1.10511
EUR/USD,20160805 14:12:55.400,1.10561,1.10565
EUR/USD,20160805 14:17:55.407,1.1061299999999998,1.10616
EUR/USD,20160805 14:22:55.513,1.1057700000000001,1.1058
EUR/USD,20160805 14:27:55.531,1.10611,1.1061299999999998
EUR/USD,20160805 14:32:55.627,1.10649,1.10651
EUR/USD,20160805 14:37:55.725,1.10663,1.10666
EUR/USD,20160805 14:42:55.874,1.10673,1.10675
EUR/USD,20160805 14:47:56.504,1.10674,1.10677
EUR/USD,20160805 14:52:56.522,1.1065200000000002,1.10655
EUR/USD,20160805 14:57:56.533,1.10712,1.10715
EUR/USD,20160805 15:02:56.672,1.1071600000000001,1.1072
EUR/USD,20160805 15:07:56.703,1.1071799999999998,1.10722
EUR/USD,20160805 15:12:56.710,1.1078299999999999,1.10785
EUR/USD,20160805 15:17:57.210,1.10785,1.1079
EUR/USD,20160805 15:22:57.315,1.10796,1.10801
EUR/USD,20160805 15:27:57.420,1.10816,1.1082100000000001
EUR/USD,20160805 15:32:57.566,1.10775,1.10779
EUR/USD,20160805 15:37:57.717,1.10742,1.1074700000000002
EUR/USD,20160805 15:42:57.737,1.10789,1.10792
EUR/USD,20160805 15:47:57.906,1.10863,1.10866
EUR/USD,20160805 15:52:57.910,1.10796,1.10801
EUR/USD,20160805 15:57:58.016,1.10785,1.10788
EUR/USD,20160805 16:02:58.038,1.10802,1.10807
EUR/USD,20160805 16:07:58.041,1.10816,1.1082
EUR/USD,20160805 16:12:58.161,1.10837,1.1084
EUR/USD,20160805 16:17:58.403,1.10791,1.10794
EUR/USD,20160805 16:22:59.538,1.1079700000000001,1.10801
EUR/USD,20160805 16:27:59.655,1.10802,1.10807
EUR/USD,20160805 16:32:59.782,1.10825,1.10828
EUR/USD,20160805 16:38:00.070,1.10845,1.10848
EUR/USD,20160805 16:43:00.227,1.1083,1.10835
EUR/USD,20160805 16:48:00.241,1.10824,1.10827
EUR/USD,20160805 16:53:00.300,1.1084100000000001,1.10846
EUR/USD,20160805 16:58:00.356,1.1086,1.10864
EUR/USD,20160805 17:03:00.473,1.10874,1.10879
EUR/USD,20160805 17:08:00.493,1.1092,1.10923
EUR/USD,20160805 17:13:00.573,1.1092899999999999,1.10933
EUR/USD,20160805 17:18:00.627,1.11016,1.1102100000000001
EUR/USD,20160805 17:23:01.158,1.11014,1.11018
EUR/USD,20160805 17:28:01.462,1.10988,1.10992
EUR/USD,20160805 17:33:01.715,1.10988,1.1099299999999999
EUR/USD,20160805 17:38:01.895,1.10968,1.1097
EUR/USD,20160805 17:43:02.040,1.10978,1.1098299999999999
EUR/USD,20160805 17:48:02.267,1.10956,1.1096
EUR/USD,20160805 17:53:03.175,1.10963,1.10966
EUR/USD,20160805 17:58:03.690,1.1095,1.10954
EUR/USD,20160805 18:03:03.878,1.1091799999999998,1.10924
EUR/USD,20160805 18:08:04.145,1.1092799999999998,1.10933
EUR/USD,20160805 18:13:05.245,1.1092,1.10923
EUR/USD,20160805 18:18:05.498,1.10931,1.1093600000000001
EUR/USD,20160805 18:23:05.509,1.10927,1.10931
EUR/USD,20160805 18:28:05.635,1.10917,1.10922
EUR/USD,20160805 18:33:06.226,1.1091799999999998,1.10922
EUR/USD,20160805 18:38:06.420,1.1091,1.10914
EUR/USD,20160805 18:43:06.494,1.1092,1.1092600000000001
EUR/USD,20160805 18:48:06.683,1.1091,1.10915
EUR/USD,20160805 18:53:06.688,1.1091,1.10915
EUR/USD,20160805 18:58:06.904,1.10913,1.10919
EUR/USD,20160805 19:03:06.919,1.10883,1.10889
EUR/USD,20160805 19:08:08.834,1.10891,1.10897
EUR/USD,20160805 19:13:09.952,1.10894,1.10899
EUR/USD,20160805 19:18:10.240,1.1088799999999999,1.1089
EUR/USD,20160805 19:23:10.540,1.10887,1.1089200000000001
EUR/USD,20160805 19:28:10.659,1.1089799999999999,1.10901
EUR/USD,20160805 19:33:11.678,1.10886,1.1089200000000001
EUR/USD,20160805 19:38:12.422,1.10863,1.1086799999999999
EUR/USD,20160805 19:43:12.674,1.10884,1.10889
EUR/USD,20160805 19:48:13.668,1.10899,1.10901
EUR/USD,20160805 19:53:14.536,1.10886,1.1089
EUR/USD,20160805 19:58:14.561,1.10876,1.10881
EUR/USD,20160805 20:03:14.692,1.1085399999999999,1.1086
EUR/USD,20160805 20:08:14.889,1.10848,1.1085200000000002
EUR/USD,20160805 20:13:14.934,1.10836,1.10839
EUR/USD,20160805 20:18:15.011,1.1084399999999999,1.1085
EUR/USD,20160805 20:23:15.242,1.1087,1.10876
EUR/USD,20160805 20:28:15.290,1.1087799999999999,1.10885
EUR/USD,20160805 20:33:15.568,1.10883,1.10889
EUR/USD,20160805 20:38:15.692,1.10883,1.1088799999999999
EUR/USD,20160805 20:43:15.776,1.10874,1.10883
EUR/USD,20160805 20:48:16.147,1.1085200000000002,1.10863
EUR/USD,20160805 20:53:16.599,1.10855,1.10865
EUR/USD,20160805 20:58:16.902,1.1087799999999999,1.10886
EUR/USD,20160808 00:00:00.069,1.1086799999999999,1.10873
EUR/USD,20160808 00:05:00.341,1.10847,1.1085200000000002
EUR/USD,20160808 00:10:00.796,1.1085399999999999,1.1086
EUR/USD,20160808 00:15:01.168,1.10866,1.10871
EUR/USD,20160808 00:20:01.281,1.1086,1.10864
EUR/USD,20160808 00:25:01.288,1.10884,1.1089
EUR/USD,20160808 00:30:01.397,1.1087799999999999,1.10884
EUR/USD,20160808 00:35:01.468,1.10847,1.1085
EUR/USD,20160808 00:40:01.956,1.10815,1.10817
EUR/USD,20160808 00:45:02.176,1.10827,1.1083100000000001
EUR/USD,20160808 00:50:02.565,1.1083399999999999,1.1084
EUR/USD,20160808 00:55:02.614,1.1085399999999999,1.1086
EUR/USD,20160808 01:00:02.692,1.1084100000000001,1.10845
EUR/USD,20160808 01:05:03.146,1.10839,1.10846
EUR/USD,20160808 01:10:03.777,1.10849,1.1085399999999999
EUR/USD,20160808 01:15:03.802,1.1088200000000001,1.10887
EUR/USD,20160808 01:20:03.938,1.10874,1.10877
EUR/USD,20160808 01:25:03.989,1.10877,1.10883
EUR/USD,20160808 01:30:03.990,1.10889,1.10893
EUR/USD,20160808 01:35:04.214,1.109,1.10905
EUR/USD,20160808 01:40:04.242,1.10891,1.10896
EUR/USD,20160808 01:45:04.334,1.109,1.10905
EUR/USD,20160808 01:50:04.405,1.1092,1.10924
EUR/USD,20160808 01:55:04.548,1.1092899999999999,1.10934
EUR/USD,20160808 02:00:04.611,1.10921,1.1092600000000001
EUR/USD,20160808 02:05:04.636,1.10944,1.1094899999999999
EUR/USD,20160808 02:10:05.220,1.10956,1.1096
EUR/USD,20160808 02:15:05.322,1.10952,1.10956
EUR/USD,20160808 02:20:06.170,1.10937,1.10941
EUR/USD,20160808 02:25:06.267,1.1093600000000001,1.10941
EUR/USD,20160808 02:30:06.949,1.10934,1.1093899999999999
EUR/USD,20160808 02:35:06.989,1.10952,1.1095700000000002
EUR/USD,20160808 02:40:07.864,1.10964,1.10968
EUR/USD,20160808 02:45:07.869,1.10964,1.10968
EUR/USD,20160808 02:50:08.056,1.10968,1.10972
EUR/USD,20160808 02:55:08.149,1.1096700000000002,1.10972
EUR/USD,20160808 03:00:08.525,1.10968,1.10974
EUR/USD,20160808 03:05:08.855,1.10988,1.10994
EUR/USD,20160808 03:10:08.941,1.1100299999999999,1.11009
EUR/USD,20160808 03:15:09.127,1.10994,1.10999
EUR/USD,20160808 03:20:09.182,1.11001,1.1100299999999999
EUR/USD,20160808 03:25:09.329,1.10991,1.1099700000000001
EUR/USD,20160808 03:30:09.366,1.1100700000000001,1.11011
EUR/USD,20160808 03:35:10.978,1.11032,1.11036
EUR/USD,20160808 03:40:11.550,1.11028,1.1103
EUR/USD,20160808 03:45:11.660,1.11016,1.1102
EUR/USD,20160808 03:50:13.073,1.11017,1.11022
EUR/USD,20160808 03:55:13.113,1.1102,1.11026
EUR/USD,20160808 04:00:13.165,1.1102299999999998,1.11028
EUR/USD,20160808 04:05:13.878,1.1102100000000001,1.11027
EUR/USD,20160808 04:10:14.034,1.11017,1.1102
EUR/USD,20160808 04:15:14.231,1.11008,1.1101299999999998
EUR/USD,20160808 04:20:14.596,1.11006,1.1101
EUR/USD,20160808 04:25:14.804,1.11001,1.11006
EUR/USD,20160808 04:30:14.904,1.1100299999999999,1.1100700000000001
EUR/USD,20160808 04:35:14.918,1.11018,1.1102299999999998
EUR/USD,20160808 04:40:15.517,1.11008,1.1101299999999998
EUR/USD,20160808 04:45:15.545,1.11015,1.1102
EUR/USD,20160808 04:50:15.726,1.11025,1.1103
EUR/USD,20160808 04:55:17.774,1.1104100000000001,1.11045
EUR/USD,20160808 05:00:17.950,1.11042,1.11047
EUR/USD,20160808 05:05:18.053,1.11039,1.1104399999999999
EUR/USD,20160808 05:10:18.930,1.11037,1.11042
EUR/USD,20160808 05:15:19.097,1.11036,1.1104100000000001
EUR/USD,20160808 05:20:20.997,1.1103100000000001,1.11037
EUR/USD,20160808 05:25:21.177,1.1103299999999998,1.11038
EUR/USD,20160808 05:30:21.895,1.1103399999999999,1.11039
EUR/USD,20160808 05:35:21.898,1.1100299999999999,1.11008
EUR/USD,20160808 05:40:22.046,1.1094700000000002,1.10953
EUR/USD,20160808 05:45:22.796,1.10927,1.10931
EUR/USD,20160808 05:50:23.112,1.1092600000000001,1.10932
EUR/USD,20160808 05:55:23.756,1.10937,1.10941
EUR/USD,20160808 06:00:23.863,1.10942,1.1094600000000001
EUR/USD,20160808 06:05:23.865,1.1095899999999999,1.10963
EUR/USD,20160808 06:10:23.943,1.10958,1.10962
EUR/USD,20160808 06:15:25.261,1.1097299999999999,1.10978
EUR/USD,20160808 06:20:25.304,1.10942,1.10945
EUR/USD,20160808 06:25:25.939,1.10935,1.10938
EUR/USD,20160808 06:30:26.649,1.10945,1.1094899999999999
EUR/USD,20160808 06:35:27.939,1.10894,1.10897
EUR/USD,20160808 06:40:28.081,1.10875,1.10879
EUR/USD,20160808 06:45:28.103,1.10883,1.10886
EUR/USD,20160808 06:50:28.119,1.10843,1.10848
EUR/USD,20160808 06:55:28.137,1.1084100000000001,1.10847
EUR/USD,20160808 07:00:28.240,1.1083399999999999,1.10839
EUR/USD,20160808 07:05:28.290,1.1084200000000002,1.10847
EUR/USD,20160808 07:10:28.369,1.1085399999999999,1.10858
EUR/USD,20160808 07:15:28.903,1.1086,1.10863
EUR/USD,20160808 07:20:29.017,1.1087799999999999,1.10881
EUR/USD,20160808 07:25:29.136,1.10875,1.10877
EUR/USD,20160808 07:30:29.179,1.10861,1.10865
EUR/USD,20160808 07:35:30.190,1.10881,1.10885
EUR/USD,20160808 07:40:30.207,1.10887,1.10891
EUR/USD,20160808 07:45:30.757,1.10894,1.10897
EUR/USD,20160808 07:50:30.893,1.10909,1.10912
EUR/USD,20160808 07:55:31.805,1.1088799999999999,1.10893
EUR/USD,20160808 08:00:31.869,1.1086200000000002,1.10867
EUR/USD,20160808 08:05:31.900,1.1083100000000001,1.10833
EUR/USD,20160808 08:10:31.918,1.1085399999999999,1.10858
EUR/USD,20160808 08:15:32.070,1.1085,1.1085399999999999
EUR/USD,20160808 08:20:32.207,1.10855,1.10859
EUR/USD,20160808 08:25:32.314,1.10884,1.10889
EUR/USD,20160808 08:30:32.436,1.10897,1.10901
EUR/USD,20160808 08:35:32.484,1.10891,1.10896
EUR/USD,20160808 08:40:32.832,1.10876,1.10881
EUR/USD,20160808 08:45:32.991,1.10846,1.1085
EUR/USD,20160808 08:50:33.166,1.1084100000000001,1.10846
EUR/USD,20160808 08:55:33.315,1.10832,1.10836
EUR/USD,20160808 09:00:33.540,1.10873,1.1087799999999999
EUR/USD,20160808 09:05:33.558,1.10887,1.1089200000000001
EUR/USD,20160808 09:10:33.741,1.1092899999999999,1.10931
EUR/USD,20160808 09:15:33.761,1.1092,1.10925
EUR/USD,20160808 09:20:33.917,1.1094600000000001,1.1095
EUR/USD,20160808 09:25:34.114,1.1094700000000002,1.10952
EUR/USD,20160808 09:30:35.136,1.10937,1.1094
EUR/USD,20160808 09:35:35.157,1.10933,1.10938
EUR/USD,20160808 09:40:35.292,1.1093,1.10935
EUR/USD,20160808 09:45:35.305,1.10911,1.10913
EUR/USD,20160808 09:50:35.805,1.10909,1.10913
EUR/USD,20160808 09:55:36.012,1.10904,1.10907
EUR/USD,20160808 10:00:36.061,1.1091799999999998,1.10921
EUR/USD,20160808 10:05:36.087,1.10895,1.109
EUR/USD,20160808 10:10:36.317,1.10865,1.10871
EUR/USD,20160808 10:15:36.485,1.1085399999999999,1.10857
EUR/USD,20160808 10:20:36.642,1.1085399999999999,1.10859
EUR/USD,20160808 10:25:36.809,1.10849,1.10855
EUR/USD,20160808 10:30:36.845,1.10873,1.10877
EUR/USD,20160808 10:35:36.889,1.10889,1.1089200000000001
EUR/USD,20160808 10:40:36.990,1.10851,1.10855
EUR/USD,20160808 10:45:38.096,1.10869,1.10874
EUR/USD,20160808 10:50:38.097,1.10836,1.1084
EUR/USD,20160808 10:55:38.147,1.10843,1.10847
EUR/USD,20160808 11:00:38.257,1.10808,1.10811
EUR/USD,20160808 11:05:38.569,1.1084100000000001,1.10846
EUR/USD,20160808 11:10:38.695,1.1082299999999998,1.10829
EUR/USD,20160808 11:15:38.910,1.10811,1.10816
EUR/USD,20160808 11:20:38.943,1.1082100000000001,1.10824
EUR/USD,20160808 11:25:39.072,1.10794,1.1079700000000001
EUR/USD,20160808 11:30:39.203,1.10802,1.10806
EUR/USD,20160808 11:35:39.697,1.1083,1.10833
EUR/USD,20160808 11:40:40.036,1.10845,1.10849
EUR/USD,20160808 11:45:40.041,1.10857,1.1086200000000002
EUR/USD,20160808 11:50:40.105,1.10861,1.10865
EUR/USD,20160808 11:55:40.248,1.1083100000000001,1.10835
EUR/USD,20160808 12:00:40.318,1.10846,1.10851
EUR/USD,20160808 12:05:40.477,1.10837,1.10839
EUR/USD,20160808 12:10:40.698,1.10847,1.1085
EUR/USD,20160808 12:15:40.725,1.1087,1.10874
EUR/USD,20160808 12:20:40.792,1.10861,1.10864
EUR/USD,20160808 12:25:40.942,1.10851,1.1085399999999999
EUR/USD,20160808 12:30:40.989,1.1084100000000001,1.1084399999999999
EUR/USD,20160808 12:35:40.995,1.10843,1.10845
EUR/USD,20160808 12:40:41.023,1.10832,1.1083399999999999
EUR/USD,20160808 12:45:41.248,1.10847,1.1085
EUR/USD,20160808 12:50:41.379,1.1084100000000001,1.10845
EUR/USD,20160808 12:55:41.435,1.10863,1.10865
EUR/USD,20160808 13:00:41.600,1.10874,1.10877
EUR/USD,20160808 13:05:41.690,1.10856,1.1086
EUR/USD,20160808 13:10:41.719,1.1087,1.10874
EUR/USD,20160808 13:15:41.723,1.10848,1.1085200000000002
EUR/USD,20160808 13:20:41.816,1.10816,1.1082
EUR/USD,20160808 13:25:42.146,1.10785,1.1079
EUR/USD,20160808 13:30:42.266,1.1079700000000001,1.1079999999999999
EUR/USD,20160808 13:35:42.446,1.10795,1.10798
EUR/USD,20160808 13:40:42.551,1.1082,1.1082100000000001
EUR/USD,20160808 13:45:42.648,1.10801,1.10804
EUR/USD,20160808 13:50:42.776,1.1076,1.10763
EUR/USD,20160808 13:55:42.988,1.10741,1.10744
EUR/USD,20160808 14:00:43.452,1.10741,1.10744
EUR/USD,20160808 14:05:43.462,1.10756,1.10762
EUR/USD,20160808 14:10:43.503,1.10768,1.1077
EUR/USD,20160808 14:15:43.762,1.10806,1.1081
EUR/USD,20160808 14:20:43.853,1.10847,1.10851
EUR/USD,20160808 14:25:44.030,1.1079700000000001,1.10801
EUR/USD,20160808 14:30:44.031,1.1078299999999999,1.1078700000000001
EUR/USD,20160808 14:35:44.214,1.10771,1.10774
EUR/USD,20160808 14:40:44.295,1.10807,1.10811
EUR/USD,20160808 14:45:44.457,1.1081299999999998,1.10815
EUR/USD,20160808 14:50:44.726,1.10784,1.10788
EUR/USD,20160808 14:55:44.774,1.10758,1.10762
EUR/USD,20160808 15:00:45.008,1.10723,1.1072799999999998
EUR/USD,20160808 15:05:45.163,1.1077,1.1077299999999999
EUR/USD,20160808 15:10:45.200,1.1078700000000001,1.10791
EUR/USD,20160808 15:15:45.240,1.1077700000000001,1.10781
EUR/USD,20160808 15:20:45.404,1.10753,1.10755
EUR/USD,20160808 15:25:45.417,1.10772,1.10776
EUR/USD,20160808 15:30:45.427,1.10761,1.10764
EUR/USD,20160808 15:35:45.992,1.1076700000000002,1.1077
EUR/USD,20160808 15:40:46.836,1.10734,1.1073899999999999
EUR/USD,20160808 15:45:46.936,1.10732,1.10735
EUR/USD,20160808 15:50:47.052,1.1075,1.10753
EUR/USD,20160808 15:55:47.112,1.10763,1.10768
EUR/USD,20160808 16:00:47.131,1.10766,1.10771
EUR/USD,20160808 16:05:47.524,1.1079299999999999,1.10796
EUR/USD,20160808 16:10:47.980,1.10796,1.10801
EUR/USD,20160808 16:15:48.086,1.1078700000000001,1.10792
EUR/USD,20160808 16:20:48.241,1.10753,1.1075700000000002
EUR/USD,20160808 16:25:48.289,1.1076,1.10762
EUR/USD,20160808 16:30:48.854,1.10753,1.1075700000000002
EUR/USD,20160808 16:35:48.863,1.1075700000000002,1.10761
EUR/USD,20160808 16:40:48.920,1.10778,1.10782
EUR/USD,20160808 16:45:49.100,1.10782,1.10786
EUR/USD,20160808 16:50:50.460,1.10788,1.1079299999999999
EUR/USD,20160808 16:55:50.505,1.10779,1.10784
EUR/USD,20160808 17:00:51.046,1.10776,1.10781
EUR/USD,20160808 17:05:51.111,1.10768,1.10772
EUR/USD,20160808 17:10:51.492,1.10768,1.1077299999999999
EUR/USD,20160808 17:15:51.525,1.10776,1.10781
EUR/USD,20160808 17:20:51.774,1.10764,1.1077
EUR/USD,20160808 17:25:52.509,1.10766,1.1077
EUR/USD,20160808 17:30:53.071,1.10782,1.1078700000000001
EUR/USD,20160808 17:35:53.249,1.10782,1.1078700000000001
EUR/USD,20160808 17:40:53.263,1.10807,1.10811
EUR/USD,20160808 17:45:53.831,1.1079700000000001,1.10801
EUR/USD,20160808 17:50:53.856,1.1078700000000001,1.10791
EUR/USD,20160808 17:55:54.082,1.10811,1.10814
EUR/USD,20160808 18:00:54.190,1.10809,1.1081299999999998
EUR/USD,20160808 18:05:55.263,1.10816,1.1082100000000001
EUR/USD,20160808 18:10:55.830,1.10811,1.10815
EUR/USD,20160808 18:15:57.089,1.10811,1.10817
EUR/USD,20160808 18:20:57.143,1.10806,1.10812
EUR/USD,20160808 18:25:57.209,1.1081299999999998,1.10817
EUR/USD,20160808 18:30:58.029,1.10827,1.10833
EUR/USD,20160808 18:35:58.106,1.10838,1.1084100000000001
EUR/USD,20160808 18:40:58.110,1.10835,1.10837
EUR/USD,20160808 18:45:58.174,1.1082100000000001,1.10827
EUR/USD,20160808 18:50:58.358,1.10816,1.1082100000000001
EUR/USD,20160808 18:55:58.837,1.1083,1.10835
EUR/USD,20160808 19:00:58.865,1.10827,1.10833
EUR/USD,20160808 19:05:58.951,1.1082299999999998,1.10828
EUR/USD,20160808 19:11:00.613,1.10828,1.10833
EUR/USD,20160808 19:16:01.981,1.10839,1.1084399999999999
EUR/USD,20160808 19:21:02.053,1.10855,1.1086
EUR/USD,20160808 19:26:02.271,1.10858,1.10861
EUR/USD,20160808 19:31:03.082,1.1084100000000001,1.10846
EUR/USD,20160808 19:36:03.087,1.10835,1.10837
EUR/USD,20160808 19:41:03.087,1.1083100000000001,1.10835
EUR/USD,20160808 19:46:03.098,1.1084200000000002,1.10847
EUR/USD,20160808 19:51:03.876,1.10827,1.10833
EUR/USD,20160808 19:56:03.896,1.10824,1.10829
EUR/USD,20160808 20:01:05.555,1.1082100000000001,1.10825
EUR/USD,20160808 20:06:05.911,1.10824,1.10828
EUR/USD,20160808 20:11:06.112,1.10819,1.1082299999999998
EUR/USD,20160808 20:16:06.489,1.1081299999999998,1.10819
EUR/USD,20160808 20:21:06.588,1.10812,1.10818
EUR/USD,20160808 20:26:07.031,1.10812,1.10817
EUR/USD,20160808 20:31:07.860,1.10817,1.10824
EUR/USD,20160808 20:36:08.047,1.1082,1.10826
EUR/USD,20160808 20:41:08.822,1.10819,1.10824
EUR/USD,20160808 20:46:08.907,1.1082,1.10825
EUR/USD,20160808 20:51:08.946,1.1083,1.10836
EUR/USD,20160808 20:56:09.408,1.10858,1.10863
EUR/USD,20160808 21:01:34.031,1.10847,1.10877
EUR/USD,20160808 21:06:34.266,1.1084200000000002,1.1085200000000002
EUR/USD,20160808 21:11:35.995,1.1084399999999999,1.10859
EUR/USD,20160808 21:16:36.056,1.1085,1.10869
EUR/USD,20160808 21:21:36.056,1.10866,1.1087799999999999
EUR/USD,20160808 21:26:36.616,1.10857,1.1086799999999999
EUR/USD,20160808 21:31:36.655,1.10849,1.10865
EUR/USD,20160808 21:36:36.702,1.10863,1.10885
EUR/USD,20160808 21:41:36.734,1.1084100000000001,1.10877
EUR/USD,20160808 21:46:37.298,1.1083,1.10866
EUR/USD,20160808 21:51:38.418,1.1083100000000001,1.10861
EUR/USD,20160808 21:56:40.610,1.10826,1.10863
EUR/USD,20160808 22:01:40.778,1.10828,1.1084200000000002
EUR/USD,20160808 22:06:41.024,1.10824,1.1083
EUR/USD,20160808 22:11:41.681,1.1082,1.1083100000000001
EUR/USD,20160808 22:16:44.316,1.1082100000000001,1.1083100000000001
EUR/USD,20160808 22:21:44.355,1.10822,1.1083100000000001
EUR/USD,20160808 22:26:44.435,1.1082,1.1083
EUR/USD,20160808 22:31:46.025,1.10835,1.10845
EUR/USD,20160808 22:36:46.363,1.10824,1.1083100000000001
EUR/USD,20160808 22:41:46.724,1.1083,1.10838
EUR/USD,20160808 22:46:49.281,1.1084100000000001,1.10851
EUR/USD,20160808 22:51:50.388,1.10848,1.10856
EUR/USD,20160808 22:56:50.936,1.10839,1.10851
EUR/USD,20160808 23:01:51.021,1.10848,1.10856
EUR/USD,20160808 23:06:51.021,1.10845,1.10856
EUR/USD,20160808 23:11:51.359,1.10839,1.10847
EUR/USD,20160808 23:16:51.644,1.10838,1.10846
EUR/USD,20160808 23:21:51.747,1.10839,1.10849
EUR/USD,20160808 23:26:54.902,1.1084100000000001,1.10849
EUR/USD,20160808 23:31:55.919,1.10846,1.10853
EUR/USD,20160808 23:36:56.011,1.10836,1.1084100000000001
EUR/USD,20160808 23:41:56.192,1.10847,1.10855
EUR/USD,20160808 23:46:56.686,1.10861,1.1087
EUR/USD,20160808 23:51:57.346,1.10847,1.10851
EUR/USD,20160808 23:56:57.350,1.1083,1.1083399999999999
EUR/USD,20160809 00:01:57.395,1.1085200000000002,1.10857
EUR/USD,20160809 00:06:57.792,1.1086,1.10866
EUR/USD,20160809 00:11:58.230,1.1087200000000001,1.10876
EUR/USD,20160809 00:16:58.346,1.1087200000000001,1.10876
EUR/USD,20160809 00:21:59.233,1.1087799999999999,1.10883
EUR/USD,20160809 00:26:59.431,1.1087799999999999,1.10884
EUR/USD,20160809 00:31:59.793,1.1088,1.10886
EUR/USD,20160809 00:37:00.548,1.10869,1.10875
EUR/USD,20160809 00:42:00.574,1.10885,1.1089200000000001
EUR/USD,20160809 00:47:00.799,1.10865,1.10871
EUR/USD,20160809 00:52:00.877,1.10869,1.10875
EUR/USD,20160809 00:57:01.021,1.10866,1.1087200000000001
EUR/USD,20160809 01:02:01.157,1.10861,1.10867
EUR/USD,20160809 01:07:01.632,1.1086200000000002,1.10867
EUR/USD,20160809 01:12:01.635,1.10838,1.10843
EUR/USD,20160809 01:17:01.694,1.1083399999999999,1.1084
EUR/USD,20160809 01:22:01.884,1.1085399999999999,1.1086
EUR/USD,20160809 01:27:01.928,1.10857,1.1086200000000002
EUR/USD,20160809 01:32:01.993,1.10837,1.1084200000000002
EUR/USD,20160809 01:37:03.658,1.10822,1.10828
EUR/USD,20160809 01:42:03.685,1.10779,1.10784
EUR/USD,20160809 01:47:03.689,1.1077299999999999,1.1077700000000001
EUR/USD,20160809 01:52:03.722,1.10794,1.1079999999999999
EUR/USD,20160809 01:57:03.809,1.10806,1.10812
EUR/USD,20160809 02:02:03.829,1.1077,1.10775
EUR/USD,20160809 02:07:04.622,1.10758,1.10763
EUR/USD,20160809 02:12:04.846,1.10752,1.10755
EUR/USD,20160809 02:17:04.981,1.10766,1.1077
EUR/USD,20160809 02:22:05.055,1.10771,1.10776
EUR/USD,20160809 02:27:05.823,1.1079,1.10792
EUR/USD,20160809 02:32:05.834,1.10772,1.10778
EUR/USD,20160809 02:37:06.090,1.10786,1.10791
EUR/USD,20160809 02:42:06.124,1.10788,1.1079299999999999
EUR/USD,20160809 02:47:06.136,1.10795,1.10801
EUR/USD,20160809 02:52:06.506,1.10802,1.10806
EUR/USD,20160809 02:57:06.611,1.10796,1.10802
EUR/USD,20160809 03:02:06.690,1.1081,1.10815
EUR/USD,20160809 03:07:06.705,1.10808,1.10812
EUR/USD,20160809 03:12:06.744,1.1082100000000001,1.10826
EUR/USD,20160809 03:17:07.231,1.1082299999999998,1.10828
EUR/USD,20160809 03:22:08.098,1.1082299999999998,1.10829
EUR/USD,20160809 03:27:08.128,1.10816,1.1082100000000001
EUR/USD,20160809 03:32:08.198,1.1082,1.10826
EUR/USD,20160809 03:37:08.511,1.10838,1.1084100000000001
EUR/USD,20160809 03:42:08.746,1.10843,1.10849
EUR/USD,20160809 03:47:08.870,1.10849,1.10853
EUR/USD,20160809 03:52:09.855,1.10853,1.10857
EUR/USD,20160809 03:57:09.927,1.10865,1.10871
EUR/USD,20160809 04:02:10.229,1.10845,1.10851
EUR/USD,20160809 04:07:10.295,1.1084,1.10845
EUR/USD,20160809 04:12:10.430,1.1086,1.10865
EUR/USD,20160809 04:17:10.468,1.10843,1.10846
EUR/USD,20160809 04:22:11.161,1.10846,1.1085
EUR/USD,20160809 04:27:11.430,1.10835,1.1084100000000001
EUR/USD,20160809 04:32:11.546,1.1084100000000001,1.10846
EUR/USD,20160809 04:37:11.646,1.10851,1.10856
EUR/USD,20160809 04:42:11.904,1.10851,1.10857
EUR/USD,20160809 04:47:12.112,1.10853,1.10859
EUR/USD,20160809 04:52:13.262,1.10837,1.10843
EUR/USD,20160809 04:57:13.412,1.10832,1.10837
EUR/USD,20160809 05:02:13.735,1.1082299999999998,1.10828
EUR/USD,20160809 05:07:14.611,1.10825,1.1083100000000001
EUR/USD,20160809 05:12:15.658,1.10818,1.1082299999999998
EUR/USD,20160809 05:17:15.718,1.10816,1.10822
EUR/USD,20160809 05:22:15.911,1.10799,1.1080299999999998
EUR/USD,20160809 05:27:15.995,1.10791,1.1079700000000001
EUR/USD,20160809 05:32:16.145,1.1079299999999999,1.10798
EUR/USD,20160809 05:37:16.384,1.10789,1.10794
EUR/USD,20160809 05:42:16.629,1.10772,1.1077700000000001
EUR/USD,20160809 05:47:16.679,1.1078,1.10785
EUR/USD,20160809 05:52:16.698,1.10789,1.10794
EUR/USD,20160809 05:57:16.805,1.10775,1.1078
EUR/USD,20160809 06:02:17.066,1.10745,1.10748
EUR/USD,20160809 06:07:18.562,1.10748,1.10752
EUR/USD,20160809 06:12:18.755,1.10771,1.10776
EUR/USD,20160809 06:17:18.900,1.10794,1.10799
EUR/USD,20160809 06:22:19.613,1.1076700000000002,1.10772
EUR/USD,20160809 06:27:20.234,1.10763,1.10768
EUR/USD,20160809 06:32:20.316,1.1077,1.10776
EUR/USD,20160809 06:37:20.363,1.10786,1.10791
EUR/USD,20160809 06:42:20.787,1.1078700000000001,1.10792
EUR/USD,20160809 06:47:20.943,1.10786,1.10791
EUR/USD,20160809 06:52:20.957,1.1076,1.10766
EUR/USD,20160809 06:57:20.986,1.10753,1.1075700000000002
EUR/USD,20160809 07:02:21.124,1.10785,1.10788
EUR/USD,20160809 07:07:21.669,1.10759,1.10763
EUR/USD,20160809 07:12:21.860,1.10733,1.10738
EUR/USD,20160809 07:17:21.943,1.1071799999999998,1.10722
EUR/USD,20160809 07:22:22.024,1.1071600000000001,1.1072
EUR/USD,20160809 07:27:22.153,1.1071799999999998,1.10721
EUR/USD,20160809 07:32:22.524,1.10753,1.10758
EUR/USD,20160809 07:37:22.700,1.10769,1.10768
EUR/USD,20160809 07:42:22.764,1.10785,1.1078700000000001
EUR/USD,20160809 07:47:23.154,1.1074,1.10744
EUR/USD,20160809 07:52:23.320,1.10768,1.10769
EUR/USD,20160809 07:57:23.618,1.10758,1.1076
EUR/USD,20160809 08:02:24.271,1.10771,1.10774
EUR/USD,20160809 08:07:24.296,1.10776,1.10781
EUR/USD,20160809 08:12:24.310,1.10776,1.10781
EUR/USD,20160809 08:17:24.320,1.10776,1.10779
EUR/USD,20160809 08:22:24.329,1.1079,1.10794
EUR/USD,20160809 08:27:24.427,1.10792,1.10796
EUR/USD,20160809 08:32:24.429,1.10804,1.10808
EUR/USD,20160809 08:37:24.452,1.10848,1.10853
EUR/USD,20160809 08:42:24.540,1.10925,1.1092799999999998
EUR/USD,20160809 08:47:24.611,1.10915,1.1091799999999998
EUR/USD,20160809 08:52:24.686,1.1091799999999998,1.10922
EUR/USD,20160809 08:57:24.771,1.10942,1.1094600000000001
EUR/USD,20160809 09:02:24.923,1.10937,1.10941
EUR/USD,20160809 09:07:25.098,1.1093,1.10934
EUR/USD,20160809 09:12:25.248,1.1095,1.10953
EUR/USD,20160809 09:17:25.335,1.1093600000000001,1.10938
EUR/USD,20160809 09:22:25.613,1.10927,1.1093
EUR/USD,20160809 09:27:25.763,1.10915,1.10919
EUR/USD,20160809 09:32:26.061,1.1091,1.10915
EUR/USD,20160809 09:37:26.216,1.10907,1.1091
EUR/USD,20160809 09:42:26.253,1.10909,1.10912
EUR/USD,20160809 09:47:26.253,1.10875,1.10879
EUR/USD,20160809 09:52:26.636,1.10876,1.1088
EUR/USD,20160809 09:57:26.648,1.10866,1.10871
EUR/USD,20160809 10:02:26.741,1.10886,1.10889
EUR/USD,20160809 10:07:26.940,1.1089200000000001,1.1089799999999999
EUR/USD,20160809 10:12:27.023,1.10887,1.10891
EUR/USD,20160809 10:17:27.910,1.10869,1.10873
EUR/USD,20160809 10:22:28.026,1.10864,1.10869
EUR/USD,20160809 10:27:28.047,1.1088799999999999,1.1089200000000001
EUR/USD,20160809 10:32:28.144,1.10874,1.10879
EUR/USD,20160809 10:37:28.269,1.10877,1.10881
EUR/USD,20160809 10:42:28.379,1.1088,1.10883
EUR/USD,20160809 10:47:28.550,1.10884,1.1088799999999999
EUR/USD,20160809 10:52:28.744,1.10886,1.10891
EUR/USD,20160809 10:57:28.749,1.10855,1.10859
EUR/USD,20160809 11:02:29.155,1.10835,1.10839
EUR/USD,20160809 11:07:29.168,1.10836,1.1084100000000001
EUR/USD,20160809 11:12:29.196,1.1086,1.10863
EUR/USD,20160809 11:17:29.598,1.1086200000000002,1.10865
EUR/USD,20160809 11:22:29.628,1.10766,1.1077
EUR/USD,20160809 11:27:29.807,1.10781,1.10785
EUR/USD,20160809 11:32:29.977,1.10784,1.10788
EUR/USD,20160809 11:37:30.008,1.10778,1.10779
EUR/USD,20160809 11:42:30.017,1.10764,1.10768
EUR/USD,20160809 11:47:30.398,1.10759,1.10762
EUR/USD,20160809 11:52:30.443,1.1077,1.10774
EUR/USD,20160809 11:57:30.497,1.10766,1.10771
EUR/USD,20160809 12:02:30.551,1.1077700000000001,1.1078
EUR/USD,20160809 12:07:30.732,1.1079299999999999,1.10796
EUR/USD,20160809 12:12:30.769,1.10782,1.1078700000000001
EUR/USD,20160809 12:17:30.872,1.10786,1.10791
EUR/USD,20160809 12:22:30.958,1.10776,1.10778
EUR/USD,20160809 12:27:30.995,1.10755,1.10759
EUR/USD,20160809 12:32:30.997,1.10763,1.10768
EUR/USD,20160809 12:37:31.040,1.10759,1.10761
EUR/USD,20160809 12:42:31.496,1.1077700000000001,1.10782
EUR/USD,20160809 12:47:31.582,1.10791,1.10794
EUR/USD,20160809 12:52:31.701,1.1078700000000001,1.10792
EUR/USD,20160809 12:57:31.771,1.10794,1.10798
EUR/USD,20160809 13:02:31.875,1.1080299999999998,1.10805
EUR/USD,20160809 13:07:32.214,1.10829,1.10833
EUR/USD,20160809 13:12:32.228,1.1084100000000001,1.1084399999999999
EUR/USD,20160809 13:17:32.282,1.10832,1.10837
EUR/USD,20160809 13:22:32.335,1.10827,1.1083100000000001
EUR/USD,20160809 13:27:32.407,1.10855,1.10858
EUR/USD,20160809 13:32:32.411,1.10884,1.1088799999999999
EUR/USD,20160809 13:37:32.521,1.10931,1.10935
EUR/USD,20160809 13:42:33.888,1.1092899999999999,1.10932
EUR/USD,20160809 13:47:34.089,1.10952,1.1095700000000002
EUR/USD,20160809 13:52:34.159,1.11022,1.11025
EUR/USD,20160809 13:57:34.250,1.11012,1.11015
EUR/USD,20160809 14:02:34.456,1.11047,1.1105
EUR/USD,20160809 14:07:34.504,1.11172,1.11175
EUR/USD,20160809 14:12:34.573,1.1115,1.11153
EUR/USD,20160809 14:17:34.593,1.11156,1.1116
EUR/USD,20160809 14:22:34.756,1.11201,1.11206
EUR/USD,20160809 14:27:34.805,1.1117,1.11175
EUR/USD,20160809 14:32:34.936,1.11179,1.11184
EUR/USD,20160809 14:37:34.938,1.11107,1.11111
EUR/USD,20160809 14:42:35.005,1.11093,1.11097
EUR/USD,20160809 14:47:35.128,1.11116,1.1111799999999998
EUR/USD,20160809 14:52:35.587,1.1108799999999999,1.1109
EUR/USD,20160809 14:57:35.683,1.11103,1.11107
EUR/USD,20160809 15:02:35.796,1.11121,1.11124
EUR/USD,20160809 15:07:35.922,1.11101,1.11105
EUR/USD,20160809 15:12:35.925,1.11095,1.11099
EUR/USD,20160809 15:17:35.967,1.1110200000000001,1.11107
EUR/USD,20160809 15:22:36.004,1.11124,1.11127
EUR/USD,20160809 15:27:36.062,1.11115,1.1111799999999998
EUR/USD,20160809 15:32:36.100,1.11117,1.1112
EUR/USD,20160809 15:37:36.162,1.11111,1.11117
EUR/USD,20160809 15:42:36.957,1.11114,1.11119
EUR/USD,20160809 15:47:37.028,1.11093,1.1109799999999999
EUR/USD,20160809 15:52:37.172,1.1108200000000001,1.1108799999999999
EUR/USD,20160809 15:57:37.276,1.11094,1.11097
EUR/USD,20160809 16:02:37.537,1.11089,1.11093
EUR/USD,20160809 16:07:38.338,1.1109,1.11094
EUR/USD,20160809 16:12:38.502,1.1110200000000001,1.11107
EUR/USD,20160809 16:17:38.731,1.11114,1.1111799999999998
EUR/USD,20160809 16:22:39.074,1.1112,1.11123
EUR/USD,20160809 16:27:39.598,1.1110200000000001,1.11107
EUR/USD,20160809 16:32:39.762,1.11122,1.11127
EUR/USD,20160809 16:37:40.984,1.11076,1.1108
EUR/USD,20160809 16:42:41.060,1.11071,1.11075
EUR/USD,20160809 16:47:41.672,1.11051,1.1105399999999999
EUR/USD,20160809 16:52:42.236,1.11055,1.11059
EUR/USD,20160809 16:57:42.299,1.11039,1.1104399999999999
EUR/USD,20160809 17:02:42.351,1.1103100000000001,1.1103399999999999
EUR/USD,20160809 17:07:42.726,1.11019,1.11022
EUR/USD,20160809 17:12:42.929,1.11011,1.11016
EUR/USD,20160809 17:17:43.009,1.11026,1.11029
EUR/USD,20160809 17:22:43.217,1.1104399999999999,1.11048
EUR/USD,20160809 17:27:43.407,1.11055,1.11059
EUR/USD,20160809 17:32:43.501,1.11053,1.11058
EUR/USD,20160809 17:37:44.621,1.11067,1.11069
EUR/USD,20160809 17:42:46.145,1.11055,1.11059
EUR/USD,20160809 17:47:46.580,1.11071,1.11073
EUR/USD,20160809 17:52:46.604,1.111,1.11103
EUR/USD,20160809 17:57:46.648,1.11119,1.11122
EUR/USD,20160809 18:02:47.159,1.1107799999999999,1.11083
EUR/USD,20160809 18:07:47.284,1.11074,1.11079
EUR/USD,20160809 18:12:47.395,1.11084,1.11089
EUR/USD,20160809 18:17:48.018,1.1108799999999999,1.11093
EUR/USD,20160809 18:22:48.912,1.11101,1.11106
EUR/USD,20160809 18:27:49.266,1.11093,1.1109799999999999
EUR/USD,20160809 18:32:49.294,1.11106,1.11111
EUR/USD,20160809 18:37:49.841,1.11122,1.11124
EUR/USD,20160809 18:42:49.866,1.11103,1.11107
EUR/USD,20160809 18:47:50.622,1.11115,1.11117
EUR/USD,20160809 18:52:50.832,1.11089,1.11094
EUR/USD,20160809 18:57:51.037,1.11079,1.11083
EUR/USD,20160809 19:02:51.470,1.11069,1.11074
EUR/USD,20160809 19:07:51.535,1.11077,1.11083
EUR/USD,20160809 19:12:51.709,1.11101,1.11106
EUR/USD,20160809 19:17:52.592,1.11112,1.11117
EUR/USD,20160809 19:22:52.959,1.11111,1.11116
EUR/USD,20160809 19:27:52.976,1.11122,1.1112600000000001
EUR/USD,20160809 19:32:53.223,1.1112,1.11125
EUR/USD,20160809 19:37:56.021,1.11137,1.11142
EUR/USD,20160809 19:42:56.636,1.11129,1.11134
EUR/USD,20160809 19:47:56.682,1.11122,1.1112799999999998
EUR/USD,20160809 19:52:56.806,1.11141,1.11145
EUR/USD,20160809 19:57:57.433,1.11129,1.11133
EUR/USD,20160809 20:02:57.806,1.11125,1.1113
EUR/USD,20160809 20:07:58.691,1.11121,1.11125
EUR/USD,20160809 20:12:58.913,1.11125,1.11129
EUR/USD,20160809 20:18:00.119,1.11124,1.1113
EUR/USD,20160809 20:23:01.054,1.11122,1.11129
EUR/USD,20160809 20:28:01.723,1.11138,1.11142
EUR/USD,20160809 20:33:02.199,1.11148,1.11153
EUR/USD,20160809 20:38:02.732,1.11154,1.1115899999999999
EUR/USD,20160809 20:43:02.865,1.1114899999999999,1.11153
EUR/USD,20160809 20:48:03.050,1.11152,1.11156
EUR/USD,20160809 20:53:03.709,1.11162,1.11168
EUR/USD,20160809 20:58:03.796,1.1117299999999999,1.11181
EUR/USD,20160809 21:03:22.694,1.1112600000000001,1.1116
EUR/USD,20160809 21:08:22.915,1.1114899999999999,1.11164
EUR/USD,20160809 21:13:25.928,1.11153,1.11169
EUR/USD,20160809 21:18:26.419,1.11152,1.11162
EUR/USD,20160809 21:23:27.345,1.11144,1.11152
EUR/USD,20160809 21:28:27.387,1.11143,1.11153
EUR/USD,20160809 21:33:28.500,1.11129,1.11141
EUR/USD,20160809 21:38:28.661,1.11155,1.11166
EUR/USD,20160809 21:43:30.842,1.11151,1.11161
EUR/USD,20160809 21:48:32.506,1.1114600000000001,1.1115899999999999
EUR/USD,20160809 21:53:32.793,1.11138,1.11152
EUR/USD,20160809 21:58:32.855,1.11144,1.11156
EUR/USD,20160809 22:03:32.862,1.11144,1.1115
EUR/USD,20160809 22:08:33.833,1.11144,1.11153
EUR/USD,20160809 22:13:35.807,1.1115700000000002,1.11166
EUR/USD,20160809 22:18:36.523,1.1116700000000002,1.11176
EUR/USD,20160809 22:23:37.402,1.11171,1.1117700000000001
EUR/USD,20160809 22:28:37.434,1.11186,1.11192
EUR/USD,20160809 22:33:38.450,1.11172,1.1117700000000001
EUR/USD,20160809 22:38:40.804,1.11174,1.1118
EUR/USD,20160809 22:43:40.904,1.11168,1.11174
EUR/USD,20160809 22:48:41.309,1.11163,1.11169
EUR/USD,20160809 22:53:41.431,1.1116,1.11166
EUR/USD,20160809 22:58:42.021,1.11156,1.11163
EUR/USD,20160809 23:03:42.409,1.11165,1.1117
EUR/USD,20160809 23:08:42.789,1.11166,1.1117
EUR/USD,20160809 23:13:44.436,1.1116700000000002,1.1117
EUR/USD,20160809 23:18:45.954,1.11162,1.11165
EUR/USD,20160809 23:23:47.452,1.11161,1.11166
EUR/USD,20160809 23:28:47.512,1.1114899999999999,1.11152
EUR/USD,20160809 23:33:47.793,1.11151,1.11155
EUR/USD,20160809 23:38:48.185,1.11156,1.11161
EUR/USD,20160809 23:43:50.333,1.1116,1.1116700000000002
EUR/USD,20160809 23:48:50.468,1.11163,1.11169
EUR/USD,20160809 23:53:50.736,1.11161,1.11166
EUR/USD,20160809 23:58:50.774,1.11172,1.1117700000000001
EUR/USD,20160810 00:03:50.823,1.11219,1.11225
EUR/USD,20160810 00:08:51.022,1.11253,1.11257
EUR/USD,20160810 00:13:51.375,1.11293,1.11301
EUR/USD,20160810 00:18:51.514,1.11334,1.11342
EUR/USD,20160810 00:23:51.597,1.11363,1.11371
EUR/USD,20160810 00:28:52.139,1.11425,1.11429
EUR/USD,20160810 00:33:52.391,1.114,1.11406
EUR/USD,20160810 00:38:52.437,1.11391,1.1139700000000001
EUR/USD,20160810 00:43:52.447,1.11402,1.1140700000000001
EUR/USD,20160810 00:48:52.513,1.11385,1.11392
EUR/USD,20160810 00:53:52.525,1.1137299999999999,1.1137700000000001
EUR/USD,20160810 00:58:53.543,1.11386,1.11391
EUR/USD,20160810 01:03:53.590,1.1143,1.1143399999999999
EUR/USD,20160810 01:08:53.705,1.11429,1.1143399999999999
EUR/USD,20160810 01:13:53.812,1.1141,1.1141299999999998
EUR/USD,20160810 01:18:53.826,1.11424,1.11429
EUR/USD,20160810 01:23:53.924,1.1144,1.1144399999999999
