EUR/USD,20160901 00:00:00.007,1.1156700000000002,1.11566
EUR/USD,20160901 00:05:00.117,1.1153600000000001,1.1154
EUR/USD,20160901 00:10:00.640,1.11561,1.11566
EUR/USD,20160901 00:15:00.674,1.1158299999999999,1.1158700000000001
EUR/USD,20160901 00:20:01.171,1.11586,1.1159
EUR/USD,20160901 00:25:01.603,1.11589,1.11594
EUR/USD,20160901 00:30:02.164,1.11595,1.11601
EUR/USD,20160901 00:35:02.216,1.11582,1.1158700000000001
EUR/USD,20160901 00:40:03.694,1.11576,1.11581
EUR/USD,20160901 00:45:03.728,1.11581,1.11586
EUR/USD,20160901 00:50:04.028,1.11555,1.1155899999999999
EUR/USD,20160901 00:55:04.144,1.11556,1.11562
EUR/USD,20160901 01:00:04.169,1.1155700000000002,1.1155700000000002
EUR/USD,20160901 01:05:04.338,1.1154899999999999,1.11555
EUR/USD,20160901 01:10:04.494,1.11555,1.1156
EUR/USD,20160901 01:15:04.533,1.1154899999999999,1.11554
EUR/USD,20160901 01:20:04.686,1.11538,1.11542
EUR/USD,20160901 01:25:04.884,1.11552,1.1155700000000002
EUR/USD,20160901 01:30:04.916,1.11565,1.1157
EUR/USD,20160901 01:35:05.579,1.11561,1.11565
EUR/USD,20160901 01:40:07.240,1.1156,1.11565
EUR/USD,20160901 01:45:07.333,1.11581,1.1158700000000001
EUR/USD,20160901 01:50:07.338,1.1161299999999998,1.11618
EUR/USD,20160901 01:55:07.369,1.1163100000000001,1.1163399999999999
EUR/USD,20160901 02:00:07.465,1.11591,1.11594
EUR/USD,20160901 02:05:07.669,1.1159,1.11594
EUR/USD,20160901 02:10:07.894,1.11581,1.11586
EUR/USD,20160901 02:15:07.896,1.11627,1.1163100000000001
EUR/USD,20160901 02:20:08.170,1.1164399999999999,1.11647
EUR/USD,20160901 02:25:08.308,1.1162100000000001,1.11625
EUR/USD,20160901 02:30:09.257,1.1160299999999999,1.11608
EUR/USD,20160901 02:35:09.259,1.11576,1.11582
EUR/USD,20160901 02:40:09.574,1.1158,1.11584
EUR/USD,20160901 02:45:09.902,1.11584,1.1158700000000001
EUR/USD,20160901 02:50:10.619,1.11555,1.11561
EUR/USD,20160901 02:55:11.987,1.11556,1.11562
EUR/USD,20160901 03:00:12.131,1.1159700000000001,1.11601
EUR/USD,20160901 03:05:12.285,1.11601,1.11605
EUR/USD,20160901 03:10:12.356,1.11574,1.11578
EUR/USD,20160901 03:15:13.236,1.11562,1.11568
EUR/USD,20160901 03:20:14.021,1.11571,1.1157700000000002
EUR/USD,20160901 03:25:14.921,1.1156,1.11564
EUR/USD,20160901 03:30:15.174,1.11569,1.1157299999999999
EUR/USD,20160901 03:35:17.246,1.11575,1.11581
EUR/USD,20160901 03:40:17.264,1.11571,1.1157700000000002
EUR/USD,20160901 03:45:17.345,1.11564,1.11571
EUR/USD,20160901 03:50:17.368,1.1155899999999999,1.11564
EUR/USD,20160901 03:55:17.993,1.1156,1.11565
EUR/USD,20160901 04:00:18.033,1.1156,1.11566
EUR/USD,20160901 04:05:18.825,1.1155899999999999,1.11564
EUR/USD,20160901 04:10:19.406,1.11541,1.1154600000000001
EUR/USD,20160901 04:15:20.045,1.11553,1.11556
EUR/USD,20160901 04:20:20.069,1.11542,1.1154600000000001
EUR/USD,20160901 04:25:20.415,1.11532,1.11538
EUR/USD,20160901 04:30:20.941,1.11535,1.11542
EUR/USD,20160901 04:35:21.382,1.11541,1.1154600000000001
EUR/USD,20160901 04:40:21.397,1.11521,1.11525
EUR/USD,20160901 04:45:21.948,1.11531,1.11535
EUR/USD,20160901 04:50:22.072,1.11545,1.1154899999999999
EUR/USD,20160901 04:55:22.181,1.1153,1.11534
EUR/USD,20160901 05:00:22.280,1.11535,1.11541
EUR/USD,20160901 05:05:22.943,1.1153,1.11535
EUR/USD,20160901 05:10:22.994,1.1151799999999998,1.11522
EUR/USD,20160901 05:15:25.579,1.11515,1.11517
EUR/USD,20160901 05:20:27.143,1.11509,1.11514
EUR/USD,20160901 05:25:27.231,1.1150799999999998,1.11514
EUR/USD,20160901 05:30:27.355,1.11505,1.1151
EUR/USD,20160901 05:35:28.538,1.11506,1.11511
EUR/USD,20160901 05:40:30.143,1.11513,1.1151799999999998
EUR/USD,20160901 05:45:30.266,1.1151,1.11515
EUR/USD,20160901 05:50:30.742,1.11516,1.11519
EUR/USD,20160901 05:55:30.965,1.11521,1.1152600000000001
EUR/USD,20160901 06:00:31.051,1.11506,1.11509
EUR/USD,20160901 06:05:31.107,1.1149200000000001,1.11497
EUR/USD,20160901 06:10:31.326,1.11505,1.11509
EUR/USD,20160901 06:15:31.403,1.11486,1.11491
EUR/USD,20160901 06:20:32.253,1.11474,1.11479
EUR/USD,20160901 06:25:32.333,1.11469,1.11474
EUR/USD,20160901 06:30:32.453,1.11466,1.11468
EUR/USD,20160901 06:35:32.773,1.11456,1.1146
EUR/USD,20160901 06:40:32.930,1.11461,1.11465
EUR/USD,20160901 06:45:33.160,1.1144399999999999,1.11447
EUR/USD,20160901 06:50:33.225,1.11473,1.11477
EUR/USD,20160901 06:55:33.308,1.1148200000000001,1.11487
EUR/USD,20160901 07:00:33.397,1.11479,1.11483
EUR/USD,20160901 07:05:33.907,1.11466,1.1147
EUR/USD,20160901 07:10:34.063,1.11449,1.1145200000000002
EUR/USD,20160901 07:15:34.196,1.11409,1.1141299999999998
EUR/USD,20160901 07:20:34.710,1.1138299999999999,1.1138700000000001
EUR/USD,20160901 07:25:34.806,1.11371,1.1137299999999999
EUR/USD,20160901 07:30:34.826,1.1135899999999999,1.11364
EUR/USD,20160901 07:35:34.896,1.11356,1.1136
EUR/USD,20160901 07:40:35.011,1.1133899999999999,1.11344
EUR/USD,20160901 07:45:35.064,1.11315,1.11319
EUR/USD,20160901 07:50:35.084,1.11354,1.11358
EUR/USD,20160901 07:55:35.208,1.11317,1.11319
EUR/USD,20160901 08:00:35.270,1.11294,1.1129799999999999
EUR/USD,20160901 08:05:35.298,1.11334,1.1133899999999999
EUR/USD,20160901 08:10:35.371,1.1134,1.11345
EUR/USD,20160901 08:15:35.561,1.11333,1.11333
EUR/USD,20160901 08:20:35.983,1.11342,1.11344
EUR/USD,20160901 08:25:36.009,1.1135700000000002,1.1136
EUR/USD,20160901 08:30:36.023,1.11391,1.11394
EUR/USD,20160901 08:35:37.369,1.1141299999999998,1.11417
EUR/USD,20160901 08:40:37.407,1.11414,1.11419
EUR/USD,20160901 08:45:37.632,1.11436,1.11437
EUR/USD,20160901 08:50:37.721,1.11535,1.1153899999999999
EUR/USD,20160901 08:55:37.862,1.11505,1.11509
EUR/USD,20160901 09:00:37.968,1.1149799999999999,1.11503
EUR/USD,20160901 09:05:37.977,1.11461,1.11465
EUR/USD,20160901 09:10:38.115,1.11447,1.11448
EUR/USD,20160901 09:15:38.133,1.11429,1.1143100000000001
EUR/USD,20160901 09:20:38.135,1.11415,1.11419
EUR/USD,20160901 09:25:38.209,1.11369,1.11369
EUR/USD,20160901 09:30:38.264,1.11386,1.1139
EUR/USD,20160901 09:35:38.347,1.11428,1.1143
EUR/USD,20160901 09:40:38.355,1.11401,1.11405
EUR/USD,20160901 09:45:38.406,1.11417,1.1142100000000001
EUR/USD,20160901 09:50:38.546,1.11424,1.11428
EUR/USD,20160901 09:55:38.555,1.11406,1.11409
EUR/USD,20160901 10:00:38.629,1.11429,1.11435
EUR/USD,20160901 10:05:38.803,1.1141,1.11414
EUR/USD,20160901 10:10:39.082,1.11435,1.11439
EUR/USD,20160901 10:15:39.172,1.11428,1.1143
EUR/USD,20160901 10:20:39.175,1.11429,1.1143299999999998
EUR/USD,20160901 10:25:39.224,1.11481,1.1148200000000001
EUR/USD,20160901 10:30:39.268,1.1149200000000001,1.11497
EUR/USD,20160901 10:35:39.315,1.11475,1.1147799999999999
EUR/USD,20160901 10:40:39.327,1.1146399999999999,1.11469
EUR/USD,20160901 10:45:39.432,1.11471,1.11474
EUR/USD,20160901 10:50:39.680,1.11495,1.1149799999999999
EUR/USD,20160901 10:55:39.762,1.11504,1.1150799999999998
EUR/USD,20160901 11:00:39.818,1.11494,1.1149799999999999
EUR/USD,20160901 11:05:39.968,1.11477,1.1148
EUR/USD,20160901 11:10:40.035,1.11487,1.1149
EUR/USD,20160901 11:15:40.962,1.1149200000000001,1.11495
EUR/USD,20160901 11:20:40.998,1.115,1.11504
EUR/USD,20160901 11:25:41.069,1.11516,1.1152
EUR/USD,20160901 11:30:41.123,1.11495,1.11499
EUR/USD,20160901 11:35:41.233,1.11486,1.1149
EUR/USD,20160901 11:40:41.299,1.11468,1.11471
EUR/USD,20160901 11:45:41.343,1.1150200000000001,1.11504
EUR/USD,20160901 11:50:41.505,1.115,1.11499
EUR/USD,20160901 11:55:41.561,1.1153,1.11534
EUR/USD,20160901 12:00:41.661,1.11485,1.1149
EUR/USD,20160901 12:05:41.765,1.11468,1.1147
EUR/USD,20160901 12:10:41.765,1.1144,1.11443
EUR/USD,20160901 12:15:41.770,1.11425,1.11429
EUR/USD,20160901 12:20:41.825,1.1143,1.11435
EUR/USD,20160901 12:25:41.896,1.11435,1.11438
EUR/USD,20160901 12:30:41.924,1.11389,1.11394
EUR/USD,20160901 12:35:42.109,1.1142,1.1142299999999998
EUR/USD,20160901 12:40:42.133,1.11405,1.11406
EUR/USD,20160901 12:45:42.197,1.11385,1.11388
EUR/USD,20160901 12:50:42.281,1.11365,1.11369
EUR/USD,20160901 12:55:42.287,1.11386,1.11388
EUR/USD,20160901 13:00:42.472,1.11414,1.11419
EUR/USD,20160901 13:05:42.516,1.11399,1.11401
EUR/USD,20160901 13:10:42.607,1.11401,1.11404
EUR/USD,20160901 13:15:42.828,1.11376,1.1138
EUR/USD,20160901 13:20:42.967,1.1134899999999999,1.11354
EUR/USD,20160901 13:25:43.230,1.11379,1.1138299999999999
EUR/USD,20160901 13:30:43.244,1.11344,1.11348
EUR/USD,20160901 13:35:43.394,1.1136,1.11364
EUR/USD,20160901 13:40:43.529,1.1136,1.11362
EUR/USD,20160901 13:45:43.645,1.11351,1.11355
EUR/USD,20160901 13:50:43.737,1.11307,1.1130799999999998
EUR/USD,20160901 13:55:43.907,1.11322,1.11324
EUR/USD,20160901 14:00:43.918,1.11533,1.11538
EUR/USD,20160901 14:05:44.017,1.11695,1.117
EUR/USD,20160901 14:10:44.025,1.1173799999999998,1.11742
EUR/USD,20160901 14:15:44.039,1.1163399999999999,1.11638
EUR/USD,20160901 14:20:44.104,1.11732,1.11734
EUR/USD,20160901 14:25:44.177,1.11812,1.11814
EUR/USD,20160901 14:30:44.353,1.11884,1.1188799999999999
EUR/USD,20160901 14:35:44.377,1.11865,1.11868
EUR/USD,20160901 14:40:44.502,1.11836,1.11839
EUR/USD,20160901 14:45:44.595,1.11879,1.11883
EUR/USD,20160901 14:50:44.654,1.11873,1.1187799999999999
EUR/USD,20160901 14:55:44.666,1.11858,1.11861
EUR/USD,20160901 15:00:44.732,1.11914,1.1192
EUR/USD,20160901 15:05:44.854,1.11925,1.1192799999999998
EUR/USD,20160901 15:10:44.879,1.1193899999999999,1.11941
EUR/USD,20160901 15:15:44.893,1.11911,1.1191200000000001
EUR/USD,20160901 15:20:44.953,1.11916,1.11919
EUR/USD,20160901 15:25:44.987,1.11932,1.11937
EUR/USD,20160901 15:30:45.038,1.11929,1.11933
EUR/USD,20160901 15:35:45.295,1.11927,1.11929
EUR/USD,20160901 15:40:45.472,1.11968,1.1197
EUR/USD,20160901 15:45:45.582,1.1195700000000002,1.11962
EUR/USD,20160901 15:50:45.725,1.1195899999999999,1.11963
EUR/USD,20160901 15:55:45.832,1.11932,1.11935
EUR/USD,20160901 16:00:46.022,1.1194899999999999,1.11953
EUR/USD,20160901 16:05:46.041,1.1199,1.11995
EUR/USD,20160901 16:10:46.042,1.11947,1.1195
EUR/USD,20160901 16:15:46.042,1.1194899999999999,1.11951
EUR/USD,20160901 16:20:46.122,1.1190200000000001,1.11907
EUR/USD,20160901 16:25:46.192,1.1193,1.11934
EUR/USD,20160901 16:30:46.398,1.11924,1.1192799999999998
EUR/USD,20160901 16:35:47.059,1.11913,1.11917
EUR/USD,20160901 16:40:47.099,1.11989,1.1199299999999999
EUR/USD,20160901 16:45:47.227,1.11958,1.11962
EUR/USD,20160901 16:50:47.708,1.1195899999999999,1.11963
EUR/USD,20160901 16:55:48.378,1.11966,1.11969
EUR/USD,20160901 17:00:48.501,1.12,1.12005
EUR/USD,20160901 17:05:49.523,1.11999,1.12005
EUR/USD,20160901 17:10:49.654,1.11968,1.11971
EUR/USD,20160901 17:15:50.646,1.1195,1.11954
EUR/USD,20160901 17:20:50.787,1.1195700000000002,1.1196
EUR/USD,20160901 17:25:50.885,1.11979,1.11982
EUR/USD,20160901 17:30:50.907,1.11963,1.11968
EUR/USD,20160901 17:35:51.001,1.11954,1.11958
EUR/USD,20160901 17:40:51.141,1.11943,1.11948
EUR/USD,20160901 17:45:51.394,1.11935,1.1193899999999999
EUR/USD,20160901 17:50:52.239,1.11943,1.11948
EUR/USD,20160901 17:55:52.509,1.11915,1.1192
EUR/USD,20160901 18:00:52.618,1.1193799999999998,1.11941
EUR/USD,20160901 18:05:52.626,1.1198299999999999,1.11985
EUR/USD,20160901 18:10:54.112,1.11978,1.11982
EUR/USD,20160901 18:15:54.121,1.1204399999999999,1.12047
EUR/USD,20160901 18:20:54.249,1.12038,1.12042
EUR/USD,20160901 18:25:54.285,1.12021,1.1202299999999998
EUR/USD,20160901 18:30:55.662,1.12011,1.1201299999999998
EUR/USD,20160901 18:35:55.778,1.1201299999999998,1.12018
EUR/USD,20160901 18:40:55.844,1.1199299999999999,1.11998
EUR/USD,20160901 18:45:55.882,1.12009,1.1201299999999998
EUR/USD,20160901 18:50:55.950,1.12018,1.12021
EUR/USD,20160901 18:55:55.987,1.12009,1.1201299999999998
EUR/USD,20160901 19:00:56.005,1.11973,1.1197700000000002
EUR/USD,20160901 19:05:56.868,1.11964,1.11969
EUR/USD,20160901 19:10:57.124,1.11973,1.11978
EUR/USD,20160901 19:15:57.188,1.1201299999999998,1.12017
EUR/USD,20160901 19:20:57.521,1.11995,1.11999
EUR/USD,20160901 19:25:57.567,1.1198299999999999,1.11986
EUR/USD,20160901 19:30:58.586,1.11973,1.11978
EUR/USD,20160901 19:35:58.907,1.11963,1.1196700000000002
EUR/USD,20160901 19:40:58.912,1.11979,1.11982
EUR/USD,20160901 19:45:59.129,1.11998,1.12002
EUR/USD,20160901 19:51:00.281,1.11988,1.11992
EUR/USD,20160901 19:56:00.318,1.12004,1.12006
EUR/USD,20160901 20:01:00.419,1.12005,1.12009
EUR/USD,20160901 20:06:00.652,1.1201,1.12015
EUR/USD,20160901 20:11:01.011,1.12016,1.1202
EUR/USD,20160901 20:16:02.217,1.1201299999999998,1.12018
EUR/USD,20160901 20:21:03.502,1.12017,1.1202299999999998
EUR/USD,20160901 20:26:05.705,1.1200700000000001,1.12012
EUR/USD,20160901 20:31:06.391,1.11994,1.12001
EUR/USD,20160901 20:36:06.403,1.1199700000000001,1.1200299999999999
EUR/USD,20160901 20:41:06.982,1.11996,1.12
EUR/USD,20160901 20:46:07.158,1.11989,1.11995
EUR/USD,20160901 20:51:07.177,1.11962,1.11969
EUR/USD,20160901 20:56:07.191,1.1195700000000002,1.11965
EUR/USD,20160901 21:01:32.814,1.11958,1.11996
EUR/USD,20160901 21:06:36.496,1.11974,1.11985
EUR/USD,20160901 21:11:36.516,1.11968,1.11989
EUR/USD,20160901 21:16:37.704,1.1197700000000002,1.11989
EUR/USD,20160901 21:21:38.534,1.1196700000000002,1.11986
EUR/USD,20160901 21:26:39.450,1.11974,1.11984
EUR/USD,20160901 21:31:41.449,1.11974,1.11988
EUR/USD,20160901 21:36:41.559,1.11972,1.11982
EUR/USD,20160901 21:41:41.562,1.11966,1.1198299999999999
EUR/USD,20160901 21:46:41.708,1.1196700000000002,1.11984
EUR/USD,20160901 21:51:46.389,1.11963,1.11979
EUR/USD,20160901 21:56:46.402,1.1196,1.1197700000000002
EUR/USD,20160901 22:01:46.408,1.11973,1.11981
EUR/USD,20160901 22:06:46.460,1.11965,1.11971
EUR/USD,20160901 22:11:46.532,1.11951,1.11952
EUR/USD,20160901 22:16:47.661,1.11964,1.11975
EUR/USD,20160901 22:21:47.814,1.1196700000000002,1.11975
EUR/USD,20160901 22:26:48.145,1.11958,1.11963
EUR/USD,20160901 22:31:48.418,1.1195899999999999,1.11966
EUR/USD,20160901 22:36:48.467,1.1195700000000002,1.11964
EUR/USD,20160901 22:41:48.637,1.1195700000000002,1.11964
EUR/USD,20160901 22:46:48.810,1.11954,1.11961
EUR/USD,20160901 22:51:48.906,1.11943,1.11948
EUR/USD,20160901 22:56:48.930,1.11947,1.11954
EUR/USD,20160901 23:01:49.261,1.11947,1.11954
EUR/USD,20160901 23:06:51.026,1.11937,1.11945
EUR/USD,20160901 23:11:51.354,1.11937,1.11944
EUR/USD,20160901 23:16:51.432,1.1193899999999999,1.11945
EUR/USD,20160901 23:21:51.458,1.11942,1.1194899999999999
EUR/USD,20160901 23:26:51.503,1.1193799999999998,1.11944
EUR/USD,20160901 23:31:53.524,1.11934,1.1193799999999998
EUR/USD,20160901 23:36:53.573,1.11925,1.11929
EUR/USD,20160901 23:41:53.700,1.1192799999999998,1.11933
EUR/USD,20160901 23:46:54.517,1.1193899999999999,1.11945
EUR/USD,20160901 23:51:55.444,1.11961,1.11966
EUR/USD,20160901 23:56:56.543,1.11988,1.11992
EUR/USD,20160902 00:01:56.690,1.11969,1.11974
EUR/USD,20160902 00:06:56.711,1.1199299999999999,1.1199700000000001
EUR/USD,20160902 00:11:56.748,1.12009,1.12012
EUR/USD,20160902 00:16:57.017,1.12008,1.12014
EUR/USD,20160902 00:21:58.020,1.11992,1.11996
EUR/USD,20160902 00:26:58.026,1.12005,1.12009
EUR/USD,20160902 00:31:58.085,1.12001,1.12006
EUR/USD,20160902 00:36:59.881,1.12,1.12005
EUR/USD,20160902 00:42:00.077,1.12004,1.12008
EUR/USD,20160902 00:47:00.246,1.12,1.12005
EUR/USD,20160902 00:52:01.027,1.1201299999999998,1.12019
EUR/USD,20160902 00:57:01.351,1.12016,1.12022
EUR/USD,20160902 01:02:01.385,1.11992,1.11998
EUR/USD,20160902 01:07:01.470,1.11984,1.1199
EUR/USD,20160902 01:12:02.592,1.11986,1.11991
EUR/USD,20160902 01:17:02.692,1.11974,1.11979
EUR/USD,20160902 01:22:04.424,1.11968,1.11974
EUR/USD,20160902 01:27:04.905,1.11964,1.11968
EUR/USD,20160902 01:32:04.922,1.11968,1.11973
EUR/USD,20160902 01:37:05.144,1.11969,1.11974
EUR/USD,20160902 01:42:05.232,1.12001,1.1200700000000001
EUR/USD,20160902 01:47:05.421,1.1198299999999999,1.11989
EUR/USD,20160902 01:52:05.694,1.11994,1.11998
EUR/USD,20160902 01:57:05.829,1.11974,1.11979
EUR/USD,20160902 02:02:05.882,1.11969,1.11972
EUR/USD,20160902 02:07:05.943,1.11971,1.1197700000000002
EUR/USD,20160902 02:12:06.373,1.11979,1.11985
EUR/USD,20160902 02:17:06.486,1.11994,1.12
EUR/USD,20160902 02:22:07.194,1.1198299999999999,1.11989
EUR/USD,20160902 02:27:10.567,1.1198299999999999,1.11989
EUR/USD,20160902 02:32:10.582,1.1197,1.11975
EUR/USD,20160902 02:37:11.454,1.1197,1.11975
EUR/USD,20160902 02:42:11.525,1.11958,1.11963
EUR/USD,20160902 02:47:12.414,1.11954,1.1196
EUR/USD,20160902 02:52:12.745,1.11964,1.11969
EUR/USD,20160902 02:57:12.984,1.1195,1.11954
EUR/USD,20160902 03:02:13.141,1.1199299999999999,1.1199700000000001
EUR/USD,20160902 03:07:13.212,1.11985,1.1199
EUR/USD,20160902 03:12:13.245,1.11996,1.11996
EUR/USD,20160902 03:17:13.376,1.12004,1.12009
EUR/USD,20160902 03:22:14.120,1.12011,1.12015
EUR/USD,20160902 03:27:14.139,1.11994,1.12
EUR/USD,20160902 03:32:14.537,1.1198,1.11985
EUR/USD,20160902 03:37:14.647,1.11973,1.11979
EUR/USD,20160902 03:42:15.526,1.11986,1.1199
EUR/USD,20160902 03:47:16.491,1.12002,1.12006
EUR/USD,20160902 03:52:16.533,1.12005,1.12009
EUR/USD,20160902 03:57:16.535,1.12011,1.12016
EUR/USD,20160902 04:02:16.572,1.12014,1.1202
EUR/USD,20160902 04:07:16.758,1.12039,1.12043
EUR/USD,20160902 04:12:16.903,1.12055,1.1206
EUR/USD,20160902 04:17:16.926,1.1203299999999998,1.12037
EUR/USD,20160902 04:22:17.224,1.12019,1.12024
EUR/USD,20160902 04:27:17.374,1.12034,1.12037
EUR/USD,20160902 04:32:17.375,1.12037,1.1204100000000001
EUR/USD,20160902 04:37:19.107,1.1204100000000001,1.12046
EUR/USD,20160902 04:42:19.765,1.1203100000000001,1.12036
EUR/USD,20160902 04:47:19.963,1.12004,1.12009
EUR/USD,20160902 04:52:19.969,1.12008,1.12012
EUR/USD,20160902 04:57:21.439,1.11989,1.11994
EUR/USD,20160902 05:02:21.489,1.12008,1.1201299999999998
EUR/USD,20160902 05:07:21.510,1.11978,1.1198299999999999
EUR/USD,20160902 05:12:21.678,1.11979,1.1198299999999999
EUR/USD,20160902 05:17:21.988,1.11988,1.1199299999999999
EUR/USD,20160902 05:22:22.538,1.11992,1.11998
EUR/USD,20160902 05:27:22.795,1.11989,1.11994
EUR/USD,20160902 05:32:22.855,1.1199700000000001,1.11999
EUR/USD,20160902 05:37:23.255,1.11988,1.11994
EUR/USD,20160902 05:42:25.129,1.11998,1.1200299999999999
EUR/USD,20160902 05:47:25.168,1.11982,1.11986
EUR/USD,20160902 05:52:26.468,1.1198,1.11984
EUR/USD,20160902 05:57:26.502,1.11964,1.11968
EUR/USD,20160902 06:02:26.538,1.1199,1.1199299999999999
EUR/USD,20160902 06:07:26.732,1.11961,1.11963
EUR/USD,20160902 06:12:26.831,1.1198299999999999,1.1198700000000001
EUR/USD,20160902 06:17:27.456,1.1195,1.11954
EUR/USD,20160902 06:22:27.505,1.1195,1.11953
EUR/USD,20160902 06:27:27.591,1.11919,1.11923
EUR/USD,20160902 06:32:27.995,1.11932,1.11935
EUR/USD,20160902 06:37:28.211,1.11899,1.11904
EUR/USD,20160902 06:42:28.317,1.11894,1.11897
EUR/USD,20160902 06:47:28.332,1.11871,1.11875
EUR/USD,20160902 06:52:28.937,1.11923,1.1192600000000001
EUR/USD,20160902 06:57:28.955,1.11904,1.11909
EUR/USD,20160902 07:02:28.996,1.1189200000000001,1.11896
EUR/USD,20160902 07:07:29.097,1.11895,1.1189799999999999
EUR/USD,20160902 07:12:29.189,1.11931,1.11935
EUR/USD,20160902 07:17:29.203,1.11947,1.11951
EUR/USD,20160902 07:22:29.242,1.11965,1.11969
EUR/USD,20160902 07:27:29.941,1.11961,1.11966
EUR/USD,20160902 07:32:29.991,1.12002,1.12006
EUR/USD,20160902 07:37:30.181,1.1197700000000002,1.1198
EUR/USD,20160902 07:42:30.442,1.1194600000000001,1.1195
EUR/USD,20160902 07:47:30.601,1.11954,1.11956
EUR/USD,20160902 07:52:30.642,1.11933,1.11937
EUR/USD,20160902 07:57:30.738,1.1190200000000001,1.11907
EUR/USD,20160902 08:02:30.760,1.11919,1.11922
EUR/USD,20160902 08:07:30.972,1.11922,1.11925
EUR/USD,20160902 08:12:30.979,1.1187,1.11875
EUR/USD,20160902 08:17:31.077,1.11877,1.11881
EUR/USD,20160902 08:22:31.187,1.11866,1.1187
EUR/USD,20160902 08:27:31.206,1.1189200000000001,1.11897
EUR/USD,20160902 08:32:31.247,1.1186200000000002,1.1186399999999999
EUR/USD,20160902 08:37:31.314,1.11848,1.1185200000000002
EUR/USD,20160902 08:42:31.368,1.11832,1.11836
EUR/USD,20160902 08:47:31.451,1.1179700000000001,1.11799
EUR/USD,20160902 08:52:31.806,1.11788,1.1179299999999999
EUR/USD,20160902 08:57:31.891,1.11815,1.1182
EUR/USD,20160902 09:02:32.109,1.11822,1.11825
EUR/USD,20160902 09:07:32.149,1.1184100000000001,1.11846
EUR/USD,20160902 09:12:32.192,1.11816,1.11819
EUR/USD,20160902 09:17:32.280,1.11848,1.1185200000000002
EUR/USD,20160902 09:22:32.285,1.11839,1.11843
EUR/USD,20160902 09:27:32.779,1.1183299999999998,1.11838
EUR/USD,20160902 09:32:32.839,1.11812,1.11816
EUR/USD,20160902 09:37:32.871,1.1180299999999999,1.11808
EUR/USD,20160902 09:42:32.884,1.11788,1.1179299999999999
EUR/USD,20160902 09:47:33.137,1.11773,1.1177700000000002
EUR/USD,20160902 09:52:33.234,1.1175700000000002,1.11761
EUR/USD,20160902 09:57:33.329,1.1178700000000001,1.11789
EUR/USD,20160902 10:02:33.329,1.11774,1.11778
EUR/USD,20160902 10:07:33.372,1.11812,1.11816
EUR/USD,20160902 10:12:34.374,1.11811,1.11815
EUR/USD,20160902 10:17:34.443,1.1182,1.11824
EUR/USD,20160902 10:22:34.530,1.11805,1.1180700000000001
EUR/USD,20160902 10:27:34.531,1.11814,1.11818
EUR/USD,20160902 10:32:34.615,1.11815,1.11819
EUR/USD,20160902 10:37:34.643,1.11812,1.11816
EUR/USD,20160902 10:42:34.782,1.11782,1.11786
EUR/USD,20160902 10:47:34.965,1.1178299999999999,1.1178700000000001
EUR/USD,20160902 10:52:35.127,1.11832,1.11837
EUR/USD,20160902 10:57:35.193,1.11829,1.1183299999999998
EUR/USD,20160902 11:02:35.215,1.11842,1.11846
EUR/USD,20160902 11:07:35.513,1.11857,1.11861
EUR/USD,20160902 11:12:35.783,1.11887,1.11889
EUR/USD,20160902 11:17:35.945,1.1187200000000002,1.11876
EUR/USD,20160902 11:22:36.224,1.1187799999999999,1.11881
EUR/USD,20160902 11:27:36.365,1.11883,1.11886
EUR/USD,20160902 11:32:36.448,1.11913,1.11917
EUR/USD,20160902 11:37:36.468,1.1192799999999998,1.11931
EUR/USD,20160902 11:42:36.553,1.11899,1.119
EUR/USD,20160902 11:47:36.581,1.1189799999999999,1.1190200000000001
EUR/USD,20160902 11:52:36.620,1.11891,1.11895
EUR/USD,20160902 11:57:36.621,1.11897,1.11901
EUR/USD,20160902 12:02:36.694,1.11905,1.11909
EUR/USD,20160902 12:07:36.845,1.11922,1.1192600000000001
EUR/USD,20160902 12:12:36.853,1.11922,1.1192600000000001
EUR/USD,20160902 12:17:36.894,1.1191799999999998,1.1192
EUR/USD,20160902 12:22:37.007,1.11923,1.11925
EUR/USD,20160902 12:27:37.219,1.11941,1.11947
EUR/USD,20160902 12:32:37.233,1.12206,1.12216
EUR/USD,20160902 12:37:37.365,1.12329,1.12331
EUR/USD,20160902 12:42:37.423,1.12281,1.12285
EUR/USD,20160902 12:47:37.518,1.12199,1.12204
EUR/USD,20160902 12:52:37.602,1.12132,1.12137
EUR/USD,20160902 12:57:37.639,1.12204,1.12208
EUR/USD,20160902 13:02:37.756,1.12091,1.12097
EUR/USD,20160902 13:07:37.758,1.1205100000000001,1.12053
EUR/USD,20160902 13:12:37.836,1.1195899999999999,1.11963
EUR/USD,20160902 13:17:37.981,1.12008,1.12012
EUR/USD,20160902 13:22:38.138,1.12093,1.12096
EUR/USD,20160902 13:27:38.157,1.12085,1.12086
EUR/USD,20160902 13:32:38.160,1.12166,1.1217
EUR/USD,20160902 13:37:38.233,1.12073,1.12075
EUR/USD,20160902 13:42:38.267,1.12141,1.1214600000000001
EUR/USD,20160902 13:47:38.350,1.12087,1.1209200000000001
EUR/USD,20160902 13:52:38.366,1.1198299999999999,1.11986
EUR/USD,20160902 13:57:38.444,1.12021,1.1202299999999998
EUR/USD,20160902 14:02:38.481,1.12043,1.12046
EUR/USD,20160902 14:07:38.519,1.12022,1.12027
EUR/USD,20160902 14:12:38.519,1.1174600000000001,1.1175
EUR/USD,20160902 14:17:38.524,1.1172,1.11721
EUR/USD,20160902 14:22:38.612,1.11684,1.11689
EUR/USD,20160902 14:27:38.696,1.11734,1.11737
EUR/USD,20160902 14:32:38.710,1.1171799999999998,1.11721
EUR/USD,20160902 14:37:38.757,1.11604,1.11609
EUR/USD,20160902 14:42:38.840,1.11569,1.11572
EUR/USD,20160902 14:47:38.942,1.1162299999999998,1.11626
EUR/USD,20160902 14:52:38.991,1.1171,1.11714
EUR/USD,20160902 14:57:38.996,1.11685,1.1168799999999999
EUR/USD,20160902 15:02:39.073,1.11609,1.11612
EUR/USD,20160902 15:07:39.176,1.1166200000000002,1.11666
EUR/USD,20160902 15:12:39.222,1.1161,1.1161299999999998
EUR/USD,20160902 15:17:39.300,1.11584,1.11589
EUR/USD,20160902 15:22:39.313,1.1157299999999999,1.1157700000000002
EUR/USD,20160902 15:27:39.376,1.11535,1.11538
EUR/USD,20160902 15:32:39.460,1.11551,1.11554
EUR/USD,20160902 15:37:39.547,1.11586,1.11589
EUR/USD,20160902 15:42:39.602,1.1160299999999999,1.1160700000000001
EUR/USD,20160902 15:47:39.711,1.11588,1.1159
EUR/USD,20160902 15:52:39.773,1.1161,1.11614
EUR/USD,20160902 15:57:39.794,1.11596,1.11599
EUR/USD,20160902 16:02:40.555,1.1157,1.11574
EUR/USD,20160902 16:07:40.573,1.11524,1.11527
EUR/USD,20160902 16:12:40.579,1.11529,1.11532
EUR/USD,20160902 16:17:40.809,1.1152799999999998,1.11532
EUR/USD,20160902 16:22:40.827,1.11543,1.1154700000000002
EUR/USD,20160902 16:27:40.931,1.11563,1.11568
EUR/USD,20160902 16:32:40.938,1.11565,1.11569
EUR/USD,20160902 16:37:41.108,1.1158299999999999,1.1158700000000001
EUR/USD,20160902 16:42:41.198,1.11568,1.11571
EUR/USD,20160902 16:47:41.330,1.11609,1.11614
EUR/USD,20160902 16:52:41.464,1.1159299999999999,1.1159700000000001
EUR/USD,20160902 16:57:41.493,1.11614,1.11618
EUR/USD,20160902 17:02:41.501,1.11649,1.11653
EUR/USD,20160902 17:07:41.501,1.11598,1.11602
EUR/USD,20160902 17:12:41.702,1.1164399999999999,1.11649
EUR/USD,20160902 17:17:41.736,1.11637,1.1164100000000001
EUR/USD,20160902 17:22:41.997,1.11629,1.1163399999999999
EUR/USD,20160902 17:27:42.124,1.11609,1.1161299999999998
EUR/USD,20160902 17:32:42.662,1.11608,1.11612
EUR/USD,20160902 17:37:44.230,1.11602,1.1160700000000001
EUR/USD,20160902 17:42:44.239,1.11588,1.11592
EUR/USD,20160902 17:47:44.315,1.11596,1.1159999999999999
EUR/USD,20160902 17:52:44.320,1.11568,1.11572
EUR/USD,20160902 17:57:44.491,1.1155899999999999,1.11564
EUR/USD,20160902 18:02:44.784,1.1155700000000002,1.11561
EUR/USD,20160902 18:07:45.311,1.11562,1.11568
EUR/USD,20160902 18:12:45.883,1.1157299999999999,1.11578
EUR/USD,20160902 18:17:46.236,1.11582,1.1158700000000001
EUR/USD,20160902 18:22:46.374,1.11588,1.11591
EUR/USD,20160902 18:27:46.434,1.11599,1.11602
EUR/USD,20160902 18:32:46.538,1.11604,1.1160700000000001
EUR/USD,20160902 18:37:47.515,1.11592,1.11596
EUR/USD,20160902 18:42:47.674,1.11609,1.11615
EUR/USD,20160902 18:47:47.743,1.1159999999999999,1.11604
EUR/USD,20160902 18:52:48.129,1.11606,1.11611
EUR/USD,20160902 18:57:48.734,1.11609,1.11614
EUR/USD,20160902 19:02:48.789,1.11617,1.1162100000000001
EUR/USD,20160902 19:07:49.336,1.11626,1.1163100000000001
EUR/USD,20160902 19:12:49.364,1.1162299999999998,1.11627
EUR/USD,20160902 19:17:49.408,1.11611,1.11614
EUR/USD,20160902 19:22:49.630,1.11608,1.1161299999999998
EUR/USD,20160902 19:27:50.058,1.1159,1.11596
EUR/USD,20160902 19:32:50.061,1.11582,1.1158700000000001
EUR/USD,20160902 19:37:50.119,1.11602,1.1160700000000001
EUR/USD,20160902 19:42:50.203,1.11591,1.11596
EUR/USD,20160902 19:47:50.233,1.11576,1.1158
EUR/USD,20160902 19:52:51.310,1.1157700000000002,1.11582
EUR/USD,20160902 19:57:51.415,1.11563,1.1156700000000002
EUR/USD,20160902 20:02:51.493,1.11579,1.11584
EUR/USD,20160902 20:07:51.580,1.11578,1.11582
EUR/USD,20160902 20:12:51.974,1.11566,1.11572
EUR/USD,20160902 20:17:52.010,1.1156,1.11566
EUR/USD,20160902 20:22:54.551,1.11566,1.1157
EUR/USD,20160902 20:27:55.281,1.11554,1.11558
EUR/USD,20160902 20:32:55.345,1.11556,1.11562
EUR/USD,20160902 20:37:56.577,1.11556,1.11562
EUR/USD,20160902 20:42:56.592,1.11556,1.11562
EUR/USD,20160902 20:47:57.014,1.11553,1.1156
EUR/USD,20160902 20:52:58.622,1.1156,1.11563
EUR/USD,20160902 20:57:59.622,1.1153600000000001,1.11564
EUR/USD,20160905 00:00:00.080,1.11584,1.1158700000000001
EUR/USD,20160905 00:05:00.182,1.11602,1.1160700000000001
EUR/USD,20160905 00:10:00.529,1.11591,1.11596
EUR/USD,20160905 00:15:00.593,1.1161,1.11615
EUR/USD,20160905 00:20:00.653,1.1164100000000001,1.11647
EUR/USD,20160905 00:25:01.143,1.11642,1.11647
EUR/USD,20160905 00:30:01.231,1.11647,1.1165100000000001
EUR/USD,20160905 00:35:01.401,1.1163299999999998,1.11638
EUR/USD,20160905 00:40:01.442,1.1161299999999998,1.11617
EUR/USD,20160905 00:45:01.662,1.11611,1.11617
EUR/USD,20160905 00:50:01.754,1.11619,1.11624
EUR/USD,20160905 00:55:01.784,1.11606,1.11611
EUR/USD,20160905 01:00:01.787,1.11589,1.1159
EUR/USD,20160905 01:05:01.870,1.11581,1.11585
EUR/USD,20160905 01:10:01.973,1.11602,1.1160700000000001
EUR/USD,20160905 01:15:01.977,1.11609,1.1161299999999998
EUR/USD,20160905 01:20:02.854,1.11615,1.1162
EUR/USD,20160905 01:25:03.078,1.11605,1.11609
EUR/USD,20160905 01:30:03.132,1.11595,1.1159999999999999
EUR/USD,20160905 01:35:03.168,1.11595,1.1159999999999999
EUR/USD,20160905 01:40:03.249,1.11591,1.1159700000000001
EUR/USD,20160905 01:45:03.346,1.11596,1.11602
EUR/USD,20160905 01:50:05.464,1.1159700000000001,1.11605
EUR/USD,20160905 01:55:05.505,1.11595,1.11599
EUR/USD,20160905 02:00:05.668,1.11581,1.11586
EUR/USD,20160905 02:05:05.813,1.11564,1.11569
EUR/USD,20160905 02:10:08.098,1.11585,1.11591
EUR/USD,20160905 02:15:08.179,1.11595,1.11601
EUR/USD,20160905 02:20:09.189,1.11599,1.1160299999999999
EUR/USD,20160905 02:25:09.199,1.11609,1.1161299999999998
EUR/USD,20160905 02:30:09.264,1.1160299999999999,1.11608
EUR/USD,20160905 02:35:09.320,1.1163,1.11636
EUR/USD,20160905 02:40:10.615,1.11615,1.1162100000000001
EUR/USD,20160905 02:45:10.863,1.1166,1.11665
EUR/USD,20160905 02:50:11.079,1.1164399999999999,1.1165
EUR/USD,20160905 02:55:11.228,1.11632,1.11639
EUR/USD,20160905 03:00:11.304,1.11645,1.1165100000000001
EUR/USD,20160905 03:05:11.342,1.1166200000000002,1.11666
EUR/USD,20160905 03:10:11.515,1.11649,1.11658
EUR/USD,20160905 03:15:12.578,1.1163,1.11637
EUR/USD,20160905 03:20:12.618,1.11657,1.1166200000000002
EUR/USD,20160905 03:25:12.919,1.11645,1.1165
EUR/USD,20160905 03:30:13.026,1.11655,1.11661
EUR/USD,20160905 03:35:13.070,1.11653,1.11657
EUR/USD,20160905 03:40:13.085,1.1164100000000001,1.11647
EUR/USD,20160905 03:45:13.086,1.11636,1.1164100000000001
EUR/USD,20160905 03:50:13.227,1.11661,1.11666
EUR/USD,20160905 03:55:13.236,1.11653,1.11658
EUR/USD,20160905 04:00:13.837,1.11661,1.11668
EUR/USD,20160905 04:05:14.008,1.11681,1.11687
EUR/USD,20160905 04:10:14.096,1.1165200000000002,1.11657
EUR/USD,20160905 04:15:14.308,1.1163100000000001,1.11636
EUR/USD,20160905 04:20:14.347,1.1164100000000001,1.11646
EUR/USD,20160905 04:25:14.747,1.11649,1.11655
EUR/USD,20160905 04:30:14.785,1.11657,1.1166200000000002
EUR/USD,20160905 04:35:14.915,1.11687,1.1169200000000001
EUR/USD,20160905 04:40:14.925,1.117,1.11706
EUR/USD,20160905 04:45:15.743,1.11719,1.11725
EUR/USD,20160905 04:50:15.855,1.11705,1.11709
EUR/USD,20160905 04:55:16.439,1.11705,1.11711
EUR/USD,20160905 05:00:16.600,1.11735,1.11742
EUR/USD,20160905 05:05:16.669,1.11735,1.1174
EUR/USD,20160905 05:10:16.748,1.11716,1.11724
EUR/USD,20160905 05:15:17.133,1.11709,1.11715
EUR/USD,20160905 05:20:17.239,1.11744,1.1175
EUR/USD,20160905 05:25:17.453,1.1175,1.11755
EUR/USD,20160905 05:30:17.758,1.11745,1.11753
EUR/USD,20160905 05:35:17.920,1.11784,1.1179
EUR/USD,20160905 05:40:17.938,1.1177,1.11773
EUR/USD,20160905 05:45:18.046,1.11781,1.11786
EUR/USD,20160905 05:50:18.065,1.11769,1.11773
EUR/USD,20160905 05:55:18.502,1.11771,1.11775
EUR/USD,20160905 06:00:18.631,1.1176,1.11764
EUR/USD,20160905 06:05:18.894,1.11795,1.11799
EUR/USD,20160905 06:10:18.942,1.11786,1.11792
EUR/USD,20160905 06:15:19.051,1.1178,1.11784
EUR/USD,20160905 06:20:19.124,1.11785,1.11789
EUR/USD,20160905 06:25:19.372,1.11778,1.11784
EUR/USD,20160905 06:30:19.404,1.11773,1.1177700000000002
EUR/USD,20160905 06:35:20.448,1.11756,1.1175899999999999
EUR/USD,20160905 06:40:20.503,1.11748,1.11752
EUR/USD,20160905 06:45:20.596,1.11762,1.11766
EUR/USD,20160905 06:50:21.158,1.11818,1.1182299999999998
EUR/USD,20160905 06:55:21.521,1.11796,1.11799
EUR/USD,20160905 07:00:21.632,1.11774,1.11778
EUR/USD,20160905 07:05:21.662,1.1172,1.11725
EUR/USD,20160905 07:10:21.668,1.11761,1.11766
EUR/USD,20160905 07:15:21.765,1.11732,1.11737
EUR/USD,20160905 07:20:22.137,1.11732,1.1173799999999998
EUR/USD,20160905 07:25:22.151,1.11737,1.11741
EUR/USD,20160905 07:30:22.468,1.11729,1.11731
EUR/USD,20160905 07:35:22.617,1.1171799999999998,1.11722
EUR/USD,20160905 07:40:23.058,1.11722,1.11727
EUR/USD,20160905 07:45:23.133,1.1173899999999999,1.11744
EUR/USD,20160905 07:50:23.200,1.1172799999999998,1.11732
EUR/USD,20160905 07:55:23.273,1.1173899999999999,1.11745
EUR/USD,20160905 08:00:23.350,1.11744,1.11747
EUR/USD,20160905 08:05:23.402,1.11782,1.1178700000000001
EUR/USD,20160905 08:10:23.451,1.1179299999999999,1.11795
EUR/USD,20160905 08:15:23.574,1.11785,1.11789
EUR/USD,20160905 08:20:23.603,1.11779,1.11784
EUR/USD,20160905 08:25:23.662,1.11788,1.11792
EUR/USD,20160905 08:30:23.687,1.11796,1.11801
EUR/USD,20160905 08:35:23.737,1.11744,1.11748
EUR/USD,20160905 08:40:23.750,1.11745,1.11748
EUR/USD,20160905 08:45:23.788,1.1176700000000002,1.11769
EUR/USD,20160905 08:50:23.910,1.11772,1.11776
EUR/USD,20160905 08:55:23.928,1.11695,1.11697
EUR/USD,20160905 09:00:24.269,1.11686,1.1169
EUR/USD,20160905 09:05:24.712,1.11663,1.11668
EUR/USD,20160905 09:10:24.920,1.11685,1.11689
EUR/USD,20160905 09:15:25.017,1.1168200000000001,1.11686
EUR/USD,20160905 09:20:25.318,1.11655,1.11659
EUR/USD,20160905 09:25:26.012,1.11676,1.1167799999999999
EUR/USD,20160905 09:30:26.120,1.11671,1.11676
EUR/USD,20160905 09:35:26.218,1.11675,1.1168
EUR/USD,20160905 09:40:26.234,1.11685,1.1168799999999999
EUR/USD,20160905 09:45:26.461,1.11675,1.11679
EUR/USD,20160905 09:50:26.501,1.11676,1.11679
EUR/USD,20160905 09:55:26.532,1.11665,1.11669
EUR/USD,20160905 10:00:26.722,1.11639,1.1164399999999999
EUR/USD,20160905 10:05:27.365,1.1161299999999998,1.11618
EUR/USD,20160905 10:10:27.368,1.11561,1.11566
EUR/USD,20160905 10:15:27.480,1.1154700000000002,1.1155
EUR/USD,20160905 10:20:28.051,1.11568,1.11572
EUR/USD,20160905 10:25:28.139,1.1159299999999999,1.11594
EUR/USD,20160905 10:30:28.559,1.11625,1.1163100000000001
EUR/USD,20160905 10:35:28.587,1.11646,1.1165
EUR/USD,20160905 10:40:28.598,1.1164,1.11645
EUR/USD,20160905 10:45:28.657,1.1161299999999998,1.11618
EUR/USD,20160905 10:50:28.952,1.1165200000000002,1.11656
EUR/USD,20160905 10:55:29.065,1.11647,1.1165200000000002
EUR/USD,20160905 11:00:29.089,1.11636,1.1164100000000001
EUR/USD,20160905 11:05:29.163,1.11618,1.11622
EUR/USD,20160905 11:10:29.170,1.1159700000000001,1.11601
EUR/USD,20160905 11:15:29.203,1.1159999999999999,1.11604
EUR/USD,20160905 11:20:29.218,1.11606,1.11611
EUR/USD,20160905 11:25:29.467,1.11606,1.11611
EUR/USD,20160905 11:30:29.550,1.11627,1.1163100000000001
EUR/USD,20160905 11:35:30.375,1.11642,1.11647
EUR/USD,20160905 11:40:30.395,1.11632,1.11637
EUR/USD,20160905 11:45:30.778,1.11612,1.11615
EUR/USD,20160905 11:50:31.160,1.11628,1.1163
EUR/USD,20160905 11:55:31.196,1.1163,1.11636
EUR/USD,20160905 12:00:31.392,1.1162100000000001,1.11624
EUR/USD,20160905 12:05:31.814,1.11561,1.11564
EUR/USD,20160905 12:10:31.900,1.1156700000000002,1.1157
EUR/USD,20160905 12:15:32.061,1.11565,1.11569
EUR/USD,20160905 12:20:32.127,1.11584,1.1158700000000001
EUR/USD,20160905 12:25:32.153,1.11591,1.11595
EUR/USD,20160905 12:30:32.246,1.11576,1.11582
EUR/USD,20160905 12:35:32.285,1.11571,1.1157700000000002
EUR/USD,20160905 12:40:32.356,1.11575,1.11579
EUR/USD,20160905 12:45:32.461,1.1156700000000002,1.11571
EUR/USD,20160905 12:50:32.488,1.11592,1.11596
EUR/USD,20160905 12:55:32.750,1.11566,1.11572
EUR/USD,20160905 13:00:32.777,1.11525,1.1153
EUR/USD,20160905 13:05:33.047,1.11505,1.1150799999999998
EUR/USD,20160905 13:10:33.109,1.11509,1.11514
EUR/USD,20160905 13:15:33.297,1.11468,1.11473
EUR/USD,20160905 13:20:33.398,1.11443,1.11448
EUR/USD,20160905 13:25:33.428,1.1145,1.1145399999999999
EUR/USD,20160905 13:30:33.489,1.1142100000000001,1.11426
EUR/USD,20160905 13:35:33.606,1.1143100000000001,1.11436
EUR/USD,20160905 13:40:34.815,1.11442,1.11447
EUR/USD,20160905 13:45:34.931,1.11429,1.1143299999999998
EUR/USD,20160905 13:50:35.039,1.11416,1.1142100000000001
EUR/USD,20160905 13:55:35.094,1.11437,1.1144
EUR/USD,20160905 14:00:35.146,1.11436,1.11439
EUR/USD,20160905 14:05:35.255,1.11463,1.11468
EUR/USD,20160905 14:10:35.269,1.11473,1.11477
EUR/USD,20160905 14:15:35.414,1.11484,1.1148799999999999
EUR/USD,20160905 14:20:36.318,1.1148799999999999,1.1149200000000001
EUR/USD,20160905 14:25:36.335,1.1149200000000001,1.11497
EUR/USD,20160905 14:30:36.588,1.11476,1.11479
EUR/USD,20160905 14:35:36.938,1.11476,1.11479
EUR/USD,20160905 14:40:36.953,1.11487,1.11489
EUR/USD,20160905 14:45:37.097,1.11493,1.11499
EUR/USD,20160905 14:50:37.307,1.11503,1.11504
EUR/USD,20160905 14:55:37.601,1.11491,1.11494
EUR/USD,20160905 15:00:37.695,1.1144399999999999,1.11448
EUR/USD,20160905 15:05:37.970,1.1147,1.11476
EUR/USD,20160905 15:10:37.980,1.11473,1.1147799999999999
EUR/USD,20160905 15:15:38.020,1.1147799999999999,1.1148200000000001
EUR/USD,20160905 15:20:38.063,1.11493,1.11499
EUR/USD,20160905 15:25:38.239,1.1148,1.11485
EUR/USD,20160905 15:30:38.296,1.11475,1.11481
EUR/USD,20160905 15:35:38.376,1.11445,1.11449
EUR/USD,20160905 15:40:40.043,1.11456,1.1146
EUR/USD,20160905 15:45:40.074,1.1147,1.11475
EUR/USD,20160905 15:50:40.158,1.1147799999999999,1.1148
EUR/USD,20160905 15:55:40.220,1.11484,1.11491
EUR/USD,20160905 16:00:40.256,1.11506,1.1150799999999998
EUR/USD,20160905 16:05:40.410,1.1151200000000001,1.11516
EUR/USD,20160905 16:10:40.584,1.11515,1.1152
EUR/USD,20160905 16:15:40.624,1.11503,1.11509
EUR/USD,20160905 16:20:40.691,1.11521,1.11527
EUR/USD,20160905 16:25:40.781,1.1151,1.11517
EUR/USD,20160905 16:30:41.695,1.1151,1.11515
EUR/USD,20160905 16:35:41.705,1.11515,1.11521
EUR/USD,20160905 16:40:41.822,1.11525,1.11529
EUR/USD,20160905 16:45:42.115,1.11525,1.1152799999999998
EUR/USD,20160905 16:50:42.288,1.11525,1.1153
EUR/USD,20160905 16:55:42.996,1.11524,1.1153
EUR/USD,20160905 17:00:43.075,1.1152799999999998,1.11533
EUR/USD,20160905 17:05:44.202,1.11534,1.11541
EUR/USD,20160905 17:10:46.521,1.11531,1.11537
EUR/USD,20160905 17:15:48.080,1.11517,1.11525
EUR/USD,20160905 17:20:53.048,1.11521,1.11529
EUR/USD,20160905 17:25:53.065,1.11527,1.1153600000000001
EUR/USD,20160905 17:30:54.295,1.11529,1.11535
EUR/USD,20160905 17:35:56.318,1.11519,1.1152799999999998
EUR/USD,20160905 17:40:56.890,1.11516,1.1152600000000001
EUR/USD,20160905 17:45:56.944,1.11521,1.11529
EUR/USD,20160905 17:50:57.018,1.1151799999999998,1.11525
EUR/USD,20160905 17:55:57.181,1.11516,1.1152600000000001
EUR/USD,20160905 18:00:58.054,1.11517,1.11527
EUR/USD,20160905 18:06:01.518,1.11515,1.11525
EUR/USD,20160905 18:11:02.715,1.1151200000000001,1.11517
EUR/USD,20160905 18:16:03.035,1.11509,1.11519
EUR/USD,20160905 18:21:03.037,1.1150799999999998,1.1151799999999998
EUR/USD,20160905 18:26:06.811,1.1150799999999998,1.1152
EUR/USD,20160905 18:31:06.975,1.1151200000000001,1.11522
EUR/USD,20160905 18:36:08.050,1.1151200000000001,1.11522
EUR/USD,20160905 18:41:09.285,1.11504,1.1152
EUR/USD,20160905 18:46:09.527,1.1150799999999998,1.1151799999999998
EUR/USD,20160905 18:51:13.041,1.1151,1.1151799999999998
EUR/USD,20160905 18:56:13.121,1.1150200000000001,1.1151200000000001
EUR/USD,20160905 19:01:13.220,1.1148799999999999,1.1149799999999999
EUR/USD,20160905 19:06:17.436,1.1152,1.1152799999999998
EUR/USD,20160905 19:11:18.044,1.1152,1.1152799999999998
EUR/USD,20160905 19:16:18.044,1.11511,1.11523
EUR/USD,20160905 19:21:18.053,1.11497,1.11507
EUR/USD,20160905 19:26:23.008,1.11497,1.11507
EUR/USD,20160905 19:31:25.272,1.11505,1.11514
EUR/USD,20160905 19:36:25.486,1.11503,1.11516
EUR/USD,20160905 19:41:28.069,1.11506,1.11516
EUR/USD,20160905 19:46:28.074,1.11505,1.1151799999999998
EUR/USD,20160905 19:51:29.640,1.1150799999999998,1.11522
EUR/USD,20160905 19:56:30.563,1.11509,1.11519
EUR/USD,20160905 20:01:31.078,1.11477,1.11487
EUR/USD,20160905 20:06:31.331,1.1150200000000001,1.11515
EUR/USD,20160905 20:11:32.879,1.1149799999999999,1.1151
EUR/USD,20160905 20:16:33.018,1.11505,1.11513
EUR/USD,20160905 20:21:33.052,1.11506,1.11514
EUR/USD,20160905 20:26:34.208,1.11505,1.11513
EUR/USD,20160905 20:31:36.962,1.11496,1.11514
EUR/USD,20160905 20:36:37.004,1.11496,1.11514
EUR/USD,20160905 20:41:37.638,1.11504,1.11514
EUR/USD,20160905 20:46:38.095,1.11484,1.11493
EUR/USD,20160905 20:51:38.283,1.11475,1.11483
EUR/USD,20160905 20:56:39.602,1.11485,1.115
EUR/USD,20160905 21:01:56.892,1.1145,1.115
EUR/USD,20160905 21:06:56.939,1.11473,1.11507
EUR/USD,20160905 21:11:57.224,1.1147799999999999,1.11511
EUR/USD,20160905 21:16:57.230,1.1147799999999999,1.11504
EUR/USD,20160905 21:21:57.979,1.1148799999999999,1.11504
EUR/USD,20160905 21:27:02.191,1.11486,1.11504
EUR/USD,20160905 21:32:02.247,1.11486,1.11499
EUR/USD,20160905 21:37:02.923,1.11484,1.1150200000000001
EUR/USD,20160905 21:42:02.959,1.11483,1.115
EUR/USD,20160905 21:47:03.020,1.11479,1.11494
EUR/USD,20160905 21:52:04.142,1.11468,1.11479
EUR/USD,20160905 21:57:04.643,1.11466,1.11481
EUR/USD,20160905 22:02:04.780,1.11491,1.115
EUR/USD,20160905 22:07:04.862,1.1149799999999999,1.1151
EUR/USD,20160905 22:12:04.883,1.11501,1.1151
EUR/USD,20160905 22:17:05.245,1.11511,1.11522
EUR/USD,20160905 22:22:06.059,1.11501,1.1151
EUR/USD,20160905 22:27:06.074,1.1149200000000001,1.115
EUR/USD,20160905 22:32:07.231,1.11487,1.11499
EUR/USD,20160905 22:37:08.081,1.11487,1.11499
EUR/USD,20160905 22:42:09.571,1.1148200000000001,1.1149
EUR/USD,20160905 22:47:10.331,1.11477,1.11487
EUR/USD,20160905 22:52:11.816,1.11475,1.11484
EUR/USD,20160905 22:57:12.224,1.11485,1.1149200000000001
EUR/USD,20160905 23:02:12.277,1.11463,1.1147
EUR/USD,20160905 23:07:12.632,1.1146200000000002,1.11468
EUR/USD,20160905 23:12:13.048,1.11483,1.11489
EUR/USD,20160905 23:17:13.678,1.11471,1.11479
EUR/USD,20160905 23:22:13.693,1.115,1.11504
EUR/USD,20160905 23:27:17.213,1.11499,1.11505
EUR/USD,20160905 23:32:17.236,1.11494,1.115
EUR/USD,20160905 23:37:17.688,1.11494,1.115
EUR/USD,20160905 23:42:17.740,1.11485,1.1149
EUR/USD,20160905 23:47:17.884,1.11481,1.11486
EUR/USD,20160905 23:52:19.183,1.1148799999999999,1.11493
EUR/USD,20160905 23:57:19.580,1.11509,1.11514
EUR/USD,20160906 00:02:20.757,1.11493,1.11499
EUR/USD,20160906 00:07:20.796,1.11501,1.11505
EUR/USD,20160906 00:12:21.529,1.11501,1.11505
EUR/USD,20160906 00:17:21.883,1.1150200000000001,1.1150799999999998
EUR/USD,20160906 00:22:22.184,1.11493,1.11499
EUR/USD,20160906 00:27:22.270,1.11483,1.1148799999999999
EUR/USD,20160906 00:32:22.558,1.11467,1.1147200000000002
EUR/USD,20160906 00:37:25.849,1.1146399999999999,1.11468
EUR/USD,20160906 00:42:27.173,1.1145,1.1145399999999999
EUR/USD,20160906 00:47:27.211,1.1146399999999999,1.11469
EUR/USD,20160906 00:52:27.224,1.11474,1.1147799999999999
EUR/USD,20160906 00:57:27.286,1.11443,1.11449
EUR/USD,20160906 01:02:27.442,1.11443,1.11449
EUR/USD,20160906 01:07:27.594,1.11459,1.1146399999999999
EUR/USD,20160906 01:12:27.634,1.11459,1.1146399999999999
EUR/USD,20160906 01:17:27.730,1.1147,1.11475
EUR/USD,20160906 01:22:30.244,1.11484,1.11489
EUR/USD,20160906 01:27:32.285,1.1148,1.11485
EUR/USD,20160906 01:32:32.297,1.11514,1.1152
EUR/USD,20160906 01:37:33.796,1.11495,1.11499
EUR/USD,20160906 01:42:34.233,1.11504,1.11509
EUR/USD,20160906 01:47:34.271,1.11499,1.11505
EUR/USD,20160906 01:52:35.113,1.11497,1.11504
EUR/USD,20160906 01:57:35.175,1.11494,1.1149799999999999
EUR/USD,20160906 02:02:35.420,1.1145399999999999,1.11458
EUR/USD,20160906 02:07:35.580,1.1141299999999998,1.11418
EUR/USD,20160906 02:12:35.977,1.11429,1.11435
EUR/USD,20160906 02:17:36.051,1.11474,1.11479
EUR/USD,20160906 02:22:37.236,1.11471,1.11476
EUR/USD,20160906 02:27:37.244,1.11469,1.1147200000000002
EUR/USD,20160906 02:32:37.277,1.11538,1.11544
EUR/USD,20160906 02:37:37.296,1.11523,1.1152799999999998
EUR/USD,20160906 02:42:37.326,1.11535,1.1153899999999999
EUR/USD,20160906 02:47:37.673,1.11545,1.1155
EUR/USD,20160906 02:52:37.969,1.11564,1.11569
EUR/USD,20160906 02:57:38.878,1.1156,1.11563
EUR/USD,20160906 03:02:38.964,1.1153,1.11535
EUR/USD,20160906 03:07:39.706,1.11532,1.1153600000000001
EUR/USD,20160906 03:12:40.012,1.11522,1.11527
EUR/USD,20160906 03:17:40.171,1.11522,1.11527
EUR/USD,20160906 03:22:40.177,1.11513,1.1151799999999998
EUR/USD,20160906 03:27:42.147,1.11514,1.1152
EUR/USD,20160906 03:32:42.193,1.11534,1.1153899999999999
EUR/USD,20160906 03:37:42.236,1.11531,1.1153600000000001
EUR/USD,20160906 03:42:42.257,1.1154899999999999,1.11555
EUR/USD,20160906 03:47:42.269,1.11554,1.1156
EUR/USD,20160906 03:52:43.367,1.1154899999999999,1.11555
EUR/USD,20160906 03:57:43.492,1.11545,1.11551
EUR/USD,20160906 04:02:43.775,1.11535,1.11537
EUR/USD,20160906 04:07:43.798,1.11544,1.1154899999999999
EUR/USD,20160906 04:12:47.088,1.11551,1.11556
EUR/USD,20160906 04:17:47.282,1.11542,1.1154700000000002
EUR/USD,20160906 04:22:47.861,1.11538,1.11544
EUR/USD,20160906 04:27:48.131,1.1153899999999999,1.11545
EUR/USD,20160906 04:32:49.651,1.11517,1.11523
EUR/USD,20160906 04:37:50.470,1.11522,1.1152799999999998
EUR/USD,20160906 04:42:50.908,1.1150200000000001,1.11506
EUR/USD,20160906 04:47:50.910,1.11479,1.11484
EUR/USD,20160906 04:52:50.972,1.1147,1.11476
EUR/USD,20160906 04:57:51.005,1.11479,1.11485
EUR/USD,20160906 05:02:51.207,1.11466,1.11471
EUR/USD,20160906 05:07:51.590,1.11453,1.11457
EUR/USD,20160906 05:12:51.865,1.11463,1.11469
EUR/USD,20160906 05:17:52.289,1.11479,1.11484
EUR/USD,20160906 05:22:52.399,1.1147799999999999,1.11484
EUR/USD,20160906 05:27:52.633,1.1148,1.11485
EUR/USD,20160906 05:32:56.922,1.11468,1.11473
EUR/USD,20160906 05:37:57.251,1.1148,1.11485
EUR/USD,20160906 05:42:57.290,1.11485,1.1148799999999999
EUR/USD,20160906 05:47:57.709,1.11476,1.1148
EUR/USD,20160906 05:52:57.721,1.11475,1.1148
EUR/USD,20160906 05:57:57.767,1.11475,1.1147799999999999
EUR/USD,20160906 06:02:57.808,1.11489,1.11494
EUR/USD,20160906 06:07:58.402,1.11476,1.11479
EUR/USD,20160906 06:12:58.551,1.11484,1.1148799999999999
EUR/USD,20160906 06:17:58.919,1.11459,1.1146399999999999
EUR/USD,20160906 06:22:59.119,1.1149,1.11493
EUR/USD,20160906 06:27:59.180,1.11491,1.11494
EUR/USD,20160906 06:32:59.229,1.11497,1.1150200000000001
EUR/USD,20160906 06:37:59.457,1.11525,1.11529
EUR/USD,20160906 06:42:59.729,1.11524,1.11529
EUR/USD,20160906 06:47:59.813,1.11535,1.1153899999999999
EUR/USD,20160906 06:52:59.901,1.11534,1.11537
EUR/USD,20160906 06:57:59.974,1.11554,1.11558
EUR/USD,20160906 07:03:00.040,1.1154899999999999,1.11554
EUR/USD,20160906 07:08:00.079,1.11574,1.11578
EUR/USD,20160906 07:13:00.117,1.1158299999999999,1.1158700000000001
EUR/USD,20160906 07:18:00.185,1.11591,1.11594
EUR/USD,20160906 07:23:00.284,1.11624,1.11629
EUR/USD,20160906 07:28:00.491,1.11658,1.1166200000000002
EUR/USD,20160906 07:33:00.503,1.11655,1.11659
EUR/USD,20160906 07:38:00.549,1.1165100000000001,1.1165399999999999
EUR/USD,20160906 07:43:00.612,1.1164,1.1164399999999999
EUR/USD,20160906 07:48:00.735,1.11604,1.11608
EUR/USD,20160906 07:53:00.761,1.11591,1.11595
EUR/USD,20160906 07:58:00.814,1.11594,1.11598
EUR/USD,20160906 08:03:00.910,1.11604,1.11609
EUR/USD,20160906 08:08:00.975,1.11619,1.11624
EUR/USD,20160906 08:13:01.090,1.1165399999999999,1.11659
EUR/USD,20160906 08:18:01.124,1.1165399999999999,1.11657
EUR/USD,20160906 08:23:01.165,1.11663,1.11667
EUR/USD,20160906 08:28:01.168,1.11659,1.11663
EUR/USD,20160906 08:33:01.259,1.1163299999999998,1.11637
EUR/USD,20160906 08:38:01.334,1.1162,1.1162299999999998
EUR/USD,20160906 08:43:01.714,1.11609,1.1161299999999998
EUR/USD,20160906 08:48:01.823,1.11608,1.11612
EUR/USD,20160906 08:53:02.276,1.1163399999999999,1.11638
EUR/USD,20160906 08:58:02.376,1.11637,1.11642
EUR/USD,20160906 09:03:02.410,1.1162,1.11622
EUR/USD,20160906 09:08:02.492,1.11629,1.11632
EUR/USD,20160906 09:13:02.511,1.1163100000000001,1.1163399999999999
EUR/USD,20160906 09:18:03.171,1.11625,1.11628
EUR/USD,20160906 09:23:03.323,1.11619,1.1162299999999998
EUR/USD,20160906 09:28:03.416,1.11632,1.11637
EUR/USD,20160906 09:33:03.439,1.1163100000000001,1.11636
EUR/USD,20160906 09:38:03.534,1.11637,1.11642
EUR/USD,20160906 09:43:03.641,1.1163100000000001,1.11635
EUR/USD,20160906 09:48:03.739,1.11649,1.1165399999999999
EUR/USD,20160906 09:53:03.781,1.11649,1.1165399999999999
EUR/USD,20160906 09:58:03.798,1.11635,1.11638
EUR/USD,20160906 10:03:03.838,1.11643,1.11648
EUR/USD,20160906 10:08:03.932,1.1166,1.1166399999999999
EUR/USD,20160906 10:13:04.328,1.1166399999999999,1.11668
EUR/USD,20160906 10:18:04.339,1.1167,1.11674
EUR/USD,20160906 10:23:04.401,1.11668,1.11673
EUR/USD,20160906 10:28:04.481,1.1167200000000002,1.11674
EUR/USD,20160906 10:33:04.502,1.11676,1.1168
EUR/USD,20160906 10:38:04.699,1.1167799999999999,1.1168200000000001
EUR/USD,20160906 10:43:04.771,1.11674,1.11679
EUR/USD,20160906 10:48:05.301,1.11685,1.11689
EUR/USD,20160906 10:53:05.539,1.1168,1.11684
EUR/USD,20160906 10:58:05.557,1.11683,1.11686
EUR/USD,20160906 11:03:05.597,1.11659,1.1166200000000002
EUR/USD,20160906 11:08:05.633,1.1163,1.1163299999999998
EUR/USD,20160906 11:13:05.978,1.11656,1.11661
EUR/USD,20160906 11:18:05.995,1.1165100000000001,1.11655
EUR/USD,20160906 11:23:06.004,1.11645,1.11649
EUR/USD,20160906 11:28:06.332,1.1166,1.11665
EUR/USD,20160906 11:33:06.489,1.1166,1.11663
EUR/USD,20160906 11:38:06.497,1.1166,1.1166399999999999
EUR/USD,20160906 11:43:06.511,1.11656,1.11661
EUR/USD,20160906 11:48:06.600,1.11685,1.1168799999999999
EUR/USD,20160906 11:53:06.675,1.1163,1.1163299999999998
EUR/USD,20160906 11:58:06.723,1.1159999999999999,1.1160299999999999
EUR/USD,20160906 12:03:06.826,1.11569,1.1157299999999999
EUR/USD,20160906 12:08:07.107,1.11568,1.11571
EUR/USD,20160906 12:13:07.173,1.1158,1.11582
EUR/USD,20160906 12:18:07.288,1.11594,1.11596
EUR/USD,20160906 12:23:07.302,1.1159999999999999,1.11604
EUR/USD,20160906 12:28:07.303,1.11579,1.11581
EUR/USD,20160906 12:33:07.311,1.1158700000000001,1.1159
EUR/USD,20160906 12:38:07.392,1.11626,1.11629
EUR/USD,20160906 12:43:07.468,1.1157,1.1157299999999999
EUR/USD,20160906 12:48:07.540,1.11555,1.1155899999999999
EUR/USD,20160906 12:53:07.632,1.1157,1.11575
EUR/USD,20160906 12:58:07.685,1.1159,1.1159299999999999
EUR/USD,20160906 13:03:07.770,1.11582,1.11588
EUR/USD,20160906 13:08:07.946,1.1163399999999999,1.11637
EUR/USD,20160906 13:13:08.197,1.11611,1.1161299999999998
EUR/USD,20160906 13:18:08.383,1.11625,1.1163
EUR/USD,20160906 13:23:08.436,1.11647,1.1165100000000001
EUR/USD,20160906 13:28:08.455,1.11667,1.11671
EUR/USD,20160906 13:33:08.479,1.1163399999999999,1.11637
EUR/USD,20160906 13:38:08.511,1.11618,1.1162100000000001
EUR/USD,20160906 13:43:08.593,1.11602,1.1160700000000001
EUR/USD,20160906 13:48:08.651,1.11617,1.1162
EUR/USD,20160906 13:53:08.712,1.1160700000000001,1.11611
EUR/USD,20160906 13:58:08.771,1.1163399999999999,1.11638
EUR/USD,20160906 14:03:08.796,1.1195700000000002,1.1195899999999999
EUR/USD,20160906 14:08:08.844,1.12096,1.1209799999999999
EUR/USD,20160906 14:13:08.849,1.1209,1.12095
EUR/USD,20160906 14:18:08.851,1.1231,1.12315
EUR/USD,20160906 14:23:08.857,1.12239,1.12238
EUR/USD,20160906 14:28:08.918,1.12271,1.12275
EUR/USD,20160906 14:33:08.930,1.1231799999999998,1.1232
EUR/USD,20160906 14:38:08.941,1.12409,1.12414
EUR/USD,20160906 14:43:09.032,1.12424,1.12429
EUR/USD,20160906 14:48:09.150,1.12428,1.12432
EUR/USD,20160906 14:53:09.156,1.12399,1.12401
EUR/USD,20160906 14:58:09.327,1.12351,1.1235600000000001
EUR/USD,20160906 15:03:09.414,1.1237700000000002,1.12381
EUR/USD,20160906 15:08:09.434,1.1235,1.12354
EUR/USD,20160906 15:13:09.540,1.1233,1.12335
EUR/USD,20160906 15:18:09.574,1.12317,1.12321
EUR/USD,20160906 15:23:09.579,1.1231799999999998,1.12323
EUR/USD,20160906 15:28:09.695,1.12296,1.1229799999999999
EUR/USD,20160906 15:33:09.743,1.12278,1.12283
EUR/USD,20160906 15:38:09.778,1.12327,1.12329
EUR/USD,20160906 15:43:09.863,1.12327,1.12329
EUR/USD,20160906 15:48:10.001,1.12361,1.12365
EUR/USD,20160906 15:53:10.038,1.12304,1.12309
EUR/USD,20160906 15:58:10.043,1.1232600000000001,1.12331
EUR/USD,20160906 16:03:10.169,1.12372,1.12374
EUR/USD,20160906 16:08:10.277,1.12372,1.12373
EUR/USD,20160906 16:13:10.340,1.12398,1.124
EUR/USD,20160906 16:18:10.440,1.1240299999999999,1.1240700000000001
EUR/USD,20160906 16:23:10.633,1.12391,1.12396
EUR/USD,20160906 16:28:10.693,1.12408,1.1241299999999999
EUR/USD,20160906 16:33:10.914,1.12409,1.1241299999999999
EUR/USD,20160906 16:38:10.973,1.12434,1.12438
EUR/USD,20160906 16:43:11.092,1.12445,1.1245
EUR/USD,20160906 16:48:11.202,1.12485,1.12489
EUR/USD,20160906 16:53:11.256,1.12465,1.12469
EUR/USD,20160906 16:58:11.333,1.12395,1.12399
EUR/USD,20160906 17:03:11.514,1.12455,1.1246
EUR/USD,20160906 17:08:11.529,1.1245100000000001,1.1245399999999999
EUR/USD,20160906 17:13:11.651,1.12467,1.1247200000000002
EUR/USD,20160906 17:18:11.673,1.1252,1.12524
EUR/USD,20160906 17:23:11.855,1.12515,1.12519
EUR/USD,20160906 17:28:12.060,1.1251,1.12514
EUR/USD,20160906 17:33:12.174,1.1248,1.12483
EUR/USD,20160906 17:38:12.195,1.12479,1.1248200000000002
EUR/USD,20160906 17:43:12.197,1.12483,1.12487
EUR/USD,20160906 17:48:12.283,1.12535,1.1253799999999998
EUR/USD,20160906 17:53:12.283,1.12539,1.12543
EUR/USD,20160906 17:58:12.305,1.12574,1.12578
EUR/USD,20160906 18:03:12.358,1.12576,1.12581
EUR/USD,20160906 18:08:12.619,1.12561,1.12564
EUR/USD,20160906 18:13:12.807,1.1255700000000002,1.12562
EUR/USD,20160906 18:18:13.102,1.12568,1.12572
EUR/USD,20160906 18:23:13.240,1.12573,1.12576
EUR/USD,20160906 18:28:13.257,1.12588,1.12591
EUR/USD,20160906 18:33:13.862,1.12582,1.12586
EUR/USD,20160906 18:38:13.967,1.12571,1.12575
EUR/USD,20160906 18:43:14.085,1.12558,1.12561
EUR/USD,20160906 18:48:14.212,1.12531,1.12535
EUR/USD,20160906 18:53:14.361,1.12513,1.12517
EUR/USD,20160906 18:58:14.386,1.12495,1.125
EUR/USD,20160906 19:03:14.401,1.12553,1.1255700000000002
EUR/USD,20160906 19:08:14.714,1.12543,1.12547
EUR/USD,20160906 19:13:14.828,1.12513,1.1251799999999998
EUR/USD,20160906 19:18:14.847,1.12494,1.1249799999999999
EUR/USD,20160906 19:23:14.880,1.1250200000000001,1.12506
EUR/USD,20160906 19:28:15.546,1.12495,1.12499
EUR/USD,20160906 19:33:16.284,1.12494,1.12497
EUR/USD,20160906 19:38:17.066,1.12493,1.12497
EUR/USD,20160906 19:43:17.132,1.12475,1.12476
EUR/USD,20160906 19:48:17.220,1.12461,1.1246399999999999
EUR/USD,20160906 19:53:17.294,1.12471,1.12475
EUR/USD,20160906 19:58:17.420,1.12481,1.12485
EUR/USD,20160906 20:03:17.781,1.12511,1.12514
EUR/USD,20160906 20:08:19.710,1.1252,1.12525
EUR/USD,20160906 20:13:19.778,1.12513,1.12516
EUR/USD,20160906 20:18:21.798,1.12525,1.12529
EUR/USD,20160906 20:23:22.217,1.12523,1.12529
EUR/USD,20160906 20:28:23.118,1.1252,1.12524
EUR/USD,20160906 20:33:25.339,1.12524,1.12529
EUR/USD,20160906 20:38:25.729,1.12532,1.12537
EUR/USD,20160906 20:43:26.158,1.12558,1.12563
EUR/USD,20160906 20:48:26.268,1.1256,1.12564
EUR/USD,20160906 20:53:27.119,1.12563,1.1256899999999999
EUR/USD,20160906 20:58:27.256,1.1255899999999999,1.12565
EUR/USD,20160906 21:03:36.891,1.12535,1.1256899999999999
EUR/USD,20160906 21:08:36.966,1.12544,1.12564
EUR/USD,20160906 21:13:36.985,1.1252,1.12541
EUR/USD,20160906 21:18:37.609,1.12514,1.12527
EUR/USD,20160906 21:23:40.172,1.12516,1.12529
EUR/USD,20160906 21:28:40.172,1.12519,1.12531
EUR/USD,20160906 21:33:40.217,1.1248799999999999,1.12507
EUR/USD,20160906 21:38:40.278,1.12503,1.1251200000000001
EUR/USD,20160906 21:43:40.729,1.1250799999999999,1.12525
EUR/USD,20160906 21:48:40.815,1.12505,1.12522
EUR/USD,20160906 21:53:41.104,1.12515,1.1253
EUR/USD,20160906 21:58:41.242,1.125,1.12519
EUR/USD,20160906 22:03:41.415,1.12489,1.1249799999999999
EUR/USD,20160906 22:08:41.493,1.1248,1.12491
EUR/USD,20160906 22:13:41.632,1.12485,1.12497
EUR/USD,20160906 22:18:41.984,1.1248799999999999,1.125
EUR/USD,20160906 22:23:42.034,1.12481,1.12493
EUR/USD,20160906 22:28:42.180,1.1246399999999999,1.1248
EUR/USD,20160906 22:33:42.608,1.12455,1.12466
EUR/USD,20160906 22:38:42.963,1.1247,1.12479
EUR/USD,20160906 22:43:43.776,1.1247200000000002,1.12477
EUR/USD,20160906 22:48:44.211,1.12459,1.12468
EUR/USD,20160906 22:53:45.154,1.1245399999999999,1.12461
EUR/USD,20160906 22:58:45.259,1.12434,1.1244100000000001
EUR/USD,20160906 23:03:45.349,1.12465,1.12471
EUR/USD,20160906 23:08:46.018,1.1246,1.12466
EUR/USD,20160906 23:13:50.241,1.12465,1.1247200000000002
EUR/USD,20160906 23:18:50.490,1.12465,1.12471
EUR/USD,20160906 23:23:50.850,1.1245,1.12456
EUR/USD,20160906 23:28:50.861,1.12442,1.12449
EUR/USD,20160906 23:33:50.882,1.12467,1.1247200000000002
EUR/USD,20160906 23:38:50.940,1.1250200000000001,1.1250799999999999
EUR/USD,20160906 23:43:50.946,1.12539,1.12545
EUR/USD,20160906 23:48:53.295,1.12509,1.12515
EUR/USD,20160906 23:53:53.345,1.12524,1.12532
EUR/USD,20160906 23:58:53.400,1.12503,1.12507
EUR/USD,20160907 00:03:53.444,1.1250200000000001,1.1250799999999999
EUR/USD,20160907 00:08:54.324,1.1251799999999998,1.12523
EUR/USD,20160907 00:13:54.394,1.12506,1.12511
EUR/USD,20160907 00:18:54.404,1.1251200000000001,1.12516
EUR/USD,20160907 00:23:54.517,1.12503,1.12509
EUR/USD,20160907 00:28:54.604,1.12475,1.12478
EUR/USD,20160907 00:33:55.201,1.1246,1.12466
EUR/USD,20160907 00:38:55.285,1.12446,1.1245100000000001
EUR/USD,20160907 00:43:55.342,1.12432,1.12436
EUR/USD,20160907 00:48:55.476,1.1246,1.12465
EUR/USD,20160907 00:53:56.055,1.1245399999999999,1.12459
EUR/USD,20160907 00:58:56.155,1.12435,1.1244
EUR/USD,20160907 01:03:56.204,1.12429,1.12435
EUR/USD,20160907 01:08:56.237,1.12427,1.1243299999999998
EUR/USD,20160907 01:13:56.369,1.12445,1.1245
EUR/USD,20160907 01:18:56.460,1.12396,1.12401
EUR/USD,20160907 01:23:56.521,1.1233799999999998,1.12341
EUR/USD,20160907 01:28:57.223,1.1234899999999999,1.1235600000000001
EUR/USD,20160907 01:33:57.340,1.12398,1.1240299999999999
EUR/USD,20160907 01:38:57.390,1.12416,1.12422
EUR/USD,20160907 01:43:57.666,1.12452,1.12455
EUR/USD,20160907 01:48:58.213,1.1244299999999998,1.12448
EUR/USD,20160907 01:53:58.251,1.12453,1.12458
EUR/USD,20160907 01:58:58.346,1.12453,1.12458
EUR/USD,20160907 02:03:58.434,1.12448,1.1245399999999999
EUR/USD,20160907 02:09:00.187,1.12467,1.12474
EUR/USD,20160907 02:14:00.214,1.12484,1.12489
EUR/USD,20160907 02:19:01.397,1.12477,1.12483
EUR/USD,20160907 02:24:02.152,1.12478,1.12484
EUR/USD,20160907 02:29:02.348,1.1249,1.12493
EUR/USD,20160907 02:34:02.944,1.12497,1.12503
EUR/USD,20160907 02:39:05.219,1.12526,1.12529
EUR/USD,20160907 02:44:05.386,1.12532,1.12537
EUR/USD,20160907 02:49:05.756,1.12525,1.1253
EUR/USD,20160907 02:54:07.392,1.12527,1.12532
EUR/USD,20160907 02:59:07.815,1.12531,1.12537
EUR/USD,20160907 03:04:09.071,1.12563,1.12568
EUR/USD,20160907 03:09:09.604,1.12566,1.1256899999999999
EUR/USD,20160907 03:14:09.880,1.12554,1.1255899999999999
EUR/USD,20160907 03:19:10.185,1.1255899999999999,1.12563
EUR/USD,20160907 03:24:10.363,1.12565,1.12571
EUR/USD,20160907 03:29:11.126,1.12551,1.12558
EUR/USD,20160907 03:34:11.470,1.12544,1.12548
EUR/USD,20160907 03:39:11.516,1.12531,1.1253799999999998
EUR/USD,20160907 03:44:11.785,1.12537,1.12542
EUR/USD,20160907 03:49:11.843,1.12531,1.12537
EUR/USD,20160907 03:54:14.337,1.12524,1.12529
EUR/USD,20160907 03:59:14.345,1.1251200000000001,1.12516
EUR/USD,20160907 04:04:15.122,1.1251200000000001,1.1251799999999998
EUR/USD,20160907 04:09:15.192,1.1250200000000001,1.12507
EUR/USD,20160907 04:14:16.633,1.12519,1.12525
EUR/USD,20160907 04:19:16.705,1.1254899999999999,1.12553
EUR/USD,20160907 04:24:17.120,1.1255,1.12555
EUR/USD,20160907 04:29:17.178,1.12517,1.12523
EUR/USD,20160907 04:34:17.504,1.12501,1.12509
EUR/USD,20160907 04:39:18.428,1.12503,1.1251
EUR/USD,20160907 04:44:20.234,1.1251200000000001,1.1251799999999998
EUR/USD,20160907 04:49:20.855,1.12499,1.12505
EUR/USD,20160907 04:54:20.930,1.12487,1.1249200000000001
EUR/USD,20160907 04:59:20.949,1.12509,1.12513
EUR/USD,20160907 05:04:21.011,1.12521,1.12526
EUR/USD,20160907 05:09:21.426,1.12523,1.1252799999999998
EUR/USD,20160907 05:14:22.414,1.12521,1.12527
EUR/USD,20160907 05:19:22.525,1.1250799999999999,1.12513
EUR/USD,20160907 05:24:23.385,1.12513,1.12517
EUR/USD,20160907 05:29:23.433,1.12535,1.12539
EUR/USD,20160907 05:34:23.698,1.1254,1.12545
EUR/USD,20160907 05:39:25.192,1.12558,1.12564
EUR/USD,20160907 05:44:25.207,1.1255700000000002,1.12563
EUR/USD,20160907 05:49:25.586,1.12539,1.12542
EUR/USD,20160907 05:54:26.568,1.1254899999999999,1.12554
EUR/USD,20160907 05:59:26.739,1.12527,1.12533
EUR/USD,20160907 06:04:27.760,1.12573,1.1257700000000002
EUR/USD,20160907 06:09:28.072,1.1258299999999999,1.12586
EUR/USD,20160907 06:14:28.108,1.12632,1.12634
EUR/USD,20160907 06:19:28.576,1.12572,1.12575
EUR/USD,20160907 06:24:28.909,1.12572,1.1257700000000002
EUR/USD,20160907 06:29:28.940,1.12548,1.12552
EUR/USD,20160907 06:34:29.000,1.12545,1.12548
EUR/USD,20160907 06:39:29.114,1.12529,1.12533
EUR/USD,20160907 06:44:29.211,1.12548,1.12553
EUR/USD,20160907 06:49:29.245,1.1255899999999999,1.12563
EUR/USD,20160907 06:54:29.404,1.12563,1.12568
EUR/USD,20160907 06:59:29.786,1.1251200000000001,1.12517
EUR/USD,20160907 07:04:29.860,1.12463,1.12467
EUR/USD,20160907 07:09:29.867,1.12468,1.12473
EUR/USD,20160907 07:14:29.970,1.12438,1.1244100000000001
EUR/USD,20160907 07:19:30.093,1.12445,1.12447
EUR/USD,20160907 07:24:30.161,1.1246399999999999,1.12468
EUR/USD,20160907 07:29:30.247,1.12477,1.12481
EUR/USD,20160907 07:34:30.320,1.1248799999999999,1.1249200000000001
EUR/USD,20160907 07:39:30.425,1.12458,1.12461
EUR/USD,20160907 07:44:30.492,1.12424,1.12427
EUR/USD,20160907 07:49:30.610,1.1245100000000001,1.1245399999999999
EUR/USD,20160907 07:54:30.730,1.12424,1.12427
EUR/USD,20160907 07:59:30.775,1.12409,1.1241299999999999
EUR/USD,20160907 08:04:30.821,1.12453,1.12457
EUR/USD,20160907 08:09:30.882,1.12428,1.1243299999999998
EUR/USD,20160907 08:14:30.923,1.12453,1.12458
EUR/USD,20160907 08:19:31.016,1.1243,1.12434
EUR/USD,20160907 08:24:31.224,1.12401,1.12404
EUR/USD,20160907 08:29:31.317,1.12415,1.12418
EUR/USD,20160907 08:34:31.393,1.1237,1.12373
EUR/USD,20160907 08:39:31.423,1.1238700000000001,1.12392
EUR/USD,20160907 08:44:31.525,1.1242299999999998,1.12425
EUR/USD,20160907 08:49:31.616,1.1242,1.12424
EUR/USD,20160907 08:54:31.666,1.12379,1.12382
EUR/USD,20160907 08:59:31.724,1.12388,1.1239299999999999
EUR/USD,20160907 09:04:31.764,1.12398,1.12402
EUR/USD,20160907 09:09:31.846,1.1239700000000001,1.12402
EUR/USD,20160907 09:14:31.956,1.1238299999999999,1.12388
EUR/USD,20160907 09:19:32.069,1.12388,1.12391
EUR/USD,20160907 09:24:32.208,1.12399,1.12404
EUR/USD,20160907 09:29:32.290,1.12401,1.1240299999999999
EUR/USD,20160907 09:34:32.607,1.12414,1.12418
EUR/USD,20160907 09:39:32.663,1.12428,1.1243100000000001
EUR/USD,20160907 09:44:32.792,1.12422,1.12426
EUR/USD,20160907 09:49:32.880,1.1241700000000001,1.12421
EUR/USD,20160907 09:54:33.116,1.12408,1.12411
EUR/USD,20160907 09:59:33.150,1.12388,1.12392
EUR/USD,20160907 10:04:33.207,1.12373,1.12378
EUR/USD,20160907 10:09:33.339,1.1238299999999999,1.12388
EUR/USD,20160907 10:14:33.382,1.12416,1.1242
EUR/USD,20160907 10:19:33.493,1.12461,1.1246399999999999
EUR/USD,20160907 10:24:33.815,1.1245399999999999,1.12458
EUR/USD,20160907 10:29:33.875,1.12469,1.12473
EUR/USD,20160907 10:34:33.967,1.125,1.12503
EUR/USD,20160907 10:39:34.166,1.12506,1.1250799999999999
EUR/USD,20160907 10:44:34.395,1.12499,1.1250200000000001
EUR/USD,20160907 10:49:34.410,1.12491,1.12494
EUR/USD,20160907 10:54:34.427,1.12476,1.12478
EUR/USD,20160907 10:59:34.515,1.12475,1.1248
EUR/USD,20160907 11:04:34.620,1.12467,1.12471
EUR/USD,20160907 11:09:34.665,1.12453,1.12457
EUR/USD,20160907 11:14:34.754,1.12484,1.12487
EUR/USD,20160907 11:19:34.865,1.12495,1.12499
EUR/USD,20160907 11:24:34.925,1.12505,1.1251
EUR/USD,20160907 11:29:34.964,1.12499,1.12503
EUR/USD,20160907 11:34:35.037,1.12489,1.12493
EUR/USD,20160907 11:39:35.123,1.12474,1.12477
EUR/USD,20160907 11:44:35.163,1.1247,1.12474
EUR/USD,20160907 11:49:35.242,1.1247,1.12474
EUR/USD,20160907 11:54:36.327,1.12425,1.12429
EUR/USD,20160907 11:59:36.347,1.12399,1.1240299999999999
EUR/USD,20160907 12:04:36.363,1.12316,1.12321
EUR/USD,20160907 12:09:36.403,1.1236899999999999,1.12372
EUR/USD,20160907 12:14:36.470,1.12373,1.1237700000000002
EUR/USD,20160907 12:19:36.622,1.12386,1.1238700000000001
EUR/USD,20160907 12:24:36.915,1.12432,1.1243299999999998
EUR/USD,20160907 12:29:37.019,1.1244399999999999,1.12448
EUR/USD,20160907 12:34:37.043,1.1248799999999999,1.12491
EUR/USD,20160907 12:39:37.089,1.12463,1.12469
EUR/USD,20160907 12:44:37.183,1.12455,1.12458
EUR/USD,20160907 12:49:37.223,1.12446,1.1245
EUR/USD,20160907 12:54:37.332,1.12463,1.12467
EUR/USD,20160907 12:59:37.370,1.1245,1.1245399999999999
EUR/USD,20160907 13:04:37.766,1.1248,1.12485
EUR/USD,20160907 13:09:37.806,1.12461,1.1246399999999999
EUR/USD,20160907 13:14:37.887,1.12439,1.12442
EUR/USD,20160907 13:19:37.890,1.12453,1.12458
EUR/USD,20160907 13:24:37.902,1.12465,1.1247
EUR/USD,20160907 13:29:38.210,1.12485,1.1249
EUR/USD,20160907 13:34:38.218,1.12453,1.12456
EUR/USD,20160907 13:39:38.463,1.1246,1.1246399999999999
EUR/USD,20160907 13:44:38.560,1.12478,1.12483
EUR/USD,20160907 13:49:38.563,1.1250200000000001,1.12504
EUR/USD,20160907 13:54:38.636,1.12479,1.12484
EUR/USD,20160907 13:59:38.715,1.1251799999999998,1.12521
EUR/USD,20160907 14:04:38.773,1.12497,1.12501
EUR/USD,20160907 14:09:38.783,1.12615,1.12621
EUR/USD,20160907 14:14:38.899,1.12574,1.12578
EUR/USD,20160907 14:19:38.994,1.12578,1.1258299999999999
EUR/USD,20160907 14:24:39.021,1.12479,1.12483
EUR/USD,20160907 14:29:39.109,1.12458,1.1246
EUR/USD,20160907 14:34:39.144,1.1245100000000001,1.12456
EUR/USD,20160907 14:39:39.257,1.12476,1.12478
EUR/USD,20160907 14:44:39.282,1.12461,1.1246399999999999
EUR/USD,20160907 14:49:39.323,1.12404,1.1240700000000001
EUR/USD,20160907 14:54:39.369,1.12416,1.1242
EUR/USD,20160907 14:59:39.372,1.12434,1.12437
EUR/USD,20160907 15:04:39.456,1.12389,1.1239299999999999
EUR/USD,20160907 15:09:39.456,1.1241,1.1241299999999999
EUR/USD,20160907 15:14:39.478,1.12426,1.1243
EUR/USD,20160907 15:19:39.553,1.12404,1.12408
EUR/USD,20160907 15:24:40.158,1.1239299999999999,1.1239700000000001
EUR/USD,20160907 15:29:40.269,1.12401,1.12405
EUR/USD,20160907 15:34:40.323,1.1238299999999999,1.12388
EUR/USD,20160907 15:39:40.364,1.12348,1.12353
EUR/USD,20160907 15:44:40.469,1.1235899999999999,1.12363
EUR/USD,20160907 15:49:40.505,1.1236899999999999,1.12373
EUR/USD,20160907 15:54:40.684,1.12378,1.12381
EUR/USD,20160907 15:59:40.818,1.12379,1.1238299999999999
EUR/USD,20160907 16:04:40.845,1.1235899999999999,1.12364
EUR/USD,20160907 16:09:40.857,1.12353,1.1235700000000002
EUR/USD,20160907 16:14:40.977,1.1235899999999999,1.12364
EUR/USD,20160907 16:19:41.496,1.12344,1.12348
EUR/USD,20160907 16:24:41.624,1.12355,1.1235899999999999
EUR/USD,20160907 16:29:41.641,1.1236700000000002,1.12371
EUR/USD,20160907 16:34:41.701,1.12305,1.1231
EUR/USD,20160907 16:39:41.884,1.1235600000000001,1.12361
EUR/USD,20160907 16:44:42.206,1.12329,1.12333
EUR/USD,20160907 16:49:42.221,1.12304,1.1230799999999999
EUR/USD,20160907 16:54:42.774,1.1234600000000001,1.1235
EUR/USD,20160907 16:59:43.107,1.12331,1.12335
EUR/USD,20160907 17:04:43.627,1.1234899999999999,1.12354
EUR/USD,20160907 17:09:43.696,1.12342,1.12345
EUR/USD,20160907 17:14:44.113,1.12351,1.1235600000000001
EUR/USD,20160907 17:19:44.242,1.12354,1.12358
EUR/USD,20160907 17:24:44.276,1.12327,1.12332
EUR/USD,20160907 17:29:44.317,1.12332,1.1233600000000001
EUR/USD,20160907 17:34:44.330,1.12329,1.12334
EUR/USD,20160907 17:39:44.444,1.12353,1.12358
EUR/USD,20160907 17:44:44.898,1.12365,1.1236899999999999
EUR/USD,20160907 17:49:45.162,1.1236,1.12365
EUR/USD,20160907 17:54:45.168,1.12362,1.12368
EUR/USD,20160907 17:59:45.203,1.1238,1.12384
EUR/USD,20160907 18:04:45.218,1.12363,1.1236899999999999
EUR/USD,20160907 18:09:45.291,1.12374,1.12379
EUR/USD,20160907 18:14:45.594,1.12386,1.1239
EUR/USD,20160907 18:19:45.718,1.12399,1.1240299999999999
EUR/USD,20160907 18:24:45.908,1.12405,1.12409
EUR/USD,20160907 18:29:46.039,1.12394,1.12399
EUR/USD,20160907 18:34:46.700,1.124,1.12405
EUR/USD,20160907 18:39:47.615,1.12399,1.1240299999999999
EUR/USD,20160907 18:44:47.836,1.12389,1.12394
EUR/USD,20160907 18:49:48.075,1.1239,1.12395
EUR/USD,20160907 18:54:48.422,1.1241,1.12415
EUR/USD,20160907 18:59:48.634,1.12442,1.1244399999999999
EUR/USD,20160907 19:04:48.809,1.12438,1.1244299999999998
EUR/USD,20160907 19:09:49.029,1.1244,1.1244399999999999
EUR/USD,20160907 19:14:49.231,1.12439,1.1244299999999998
EUR/USD,20160907 19:19:49.333,1.12447,1.1245100000000001
EUR/USD,20160907 19:24:50.135,1.12434,1.12439
EUR/USD,20160907 19:29:50.279,1.12436,1.12442
EUR/USD,20160907 19:34:50.436,1.12422,1.12427
EUR/USD,20160907 19:39:50.783,1.12428,1.1243299999999998
EUR/USD,20160907 19:44:51.093,1.1243100000000001,1.12436
EUR/USD,20160907 19:49:51.246,1.12436,1.1244
EUR/USD,20160907 19:54:55.175,1.1242299999999998,1.12429
EUR/USD,20160907 19:59:55.241,1.12409,1.12414
EUR/USD,20160907 20:04:55.521,1.1239700000000001,1.124
EUR/USD,20160907 20:09:58.014,1.1239299999999999,1.1239700000000001
EUR/USD,20160907 20:14:58.382,1.124,1.12405
EUR/USD,20160907 20:19:58.700,1.12385,1.1238700000000001
EUR/USD,20160907 20:24:59.955,1.1237700000000002,1.12382
EUR/USD,20160907 20:30:00.081,1.1238700000000001,1.12392
EUR/USD,20160907 20:35:00.322,1.12402,1.12406
EUR/USD,20160907 20:40:00.441,1.124,1.12405
EUR/USD,20160907 20:45:00.729,1.1241299999999999,1.12418
EUR/USD,20160907 20:50:00.844,1.12418,1.12425
EUR/USD,20160907 20:55:01.035,1.1238700000000001,1.1239299999999999
EUR/USD,20160907 21:01:31.534,1.1236700000000002,1.1241700000000001
EUR/USD,20160907 21:06:31.950,1.12408,1.1241299999999999
EUR/USD,20160907 21:11:32.915,1.1239,1.1240700000000001
EUR/USD,20160907 21:16:35.321,1.1238700000000001,1.1240700000000001
EUR/USD,20160907 21:21:36.336,1.12398,1.1240700000000001
EUR/USD,20160907 21:26:36.865,1.12399,1.1241299999999999
EUR/USD,20160907 21:31:36.993,1.12385,1.12395
EUR/USD,20160907 21:36:37.738,1.12389,1.12399
EUR/USD,20160907 21:41:38.907,1.12396,1.12406
EUR/USD,20160907 21:46:38.964,1.12388,1.12398
EUR/USD,20160907 21:51:40.414,1.12379,1.12391
EUR/USD,20160907 21:56:40.552,1.1238700000000001,1.124
EUR/USD,20160907 22:01:41.398,1.12398,1.12404
EUR/USD,20160907 22:06:41.561,1.12388,1.12396
EUR/USD,20160907 22:11:42.011,1.1239299999999999,1.12406
EUR/USD,20160907 22:16:42.122,1.12412,1.1242299999999998
EUR/USD,20160907 22:21:42.859,1.12412,1.12419
EUR/USD,20160907 22:26:43.076,1.12416,1.12421
EUR/USD,20160907 22:31:43.800,1.12412,1.12422
EUR/USD,20160907 22:36:46.877,1.12409,1.12418
EUR/USD,20160907 22:41:46.905,1.12418,1.12424
EUR/USD,20160907 22:46:51.255,1.1241299999999999,1.1242
EUR/USD,20160907 22:51:51.451,1.12415,1.12424
EUR/USD,20160907 22:56:51.521,1.12419,1.12425
EUR/USD,20160907 23:01:51.577,1.12419,1.12425
EUR/USD,20160907 23:06:51.605,1.12416,1.1242299999999998
EUR/USD,20160907 23:11:51.618,1.1241700000000001,1.12422
EUR/USD,20160907 23:16:51.713,1.12408,1.12414
EUR/USD,20160907 23:21:51.938,1.12414,1.1242
EUR/USD,20160907 23:26:52.015,1.124,1.12405
EUR/USD,20160907 23:31:52.070,1.12394,1.12399
EUR/USD,20160907 23:36:52.859,1.12388,1.1239299999999999
EUR/USD,20160907 23:41:53.149,1.1239299999999999,1.12398
EUR/USD,20160907 23:46:53.344,1.12391,1.12398
EUR/USD,20160907 23:51:54.284,1.12408,1.12412
EUR/USD,20160907 23:56:54.392,1.12392,1.1239700000000001
EUR/USD,20160908 00:01:54.503,1.12358,1.12362
EUR/USD,20160908 00:06:54.952,1.1239299999999999,1.1239700000000001
EUR/USD,20160908 00:11:55.006,1.12437,1.1244
EUR/USD,20160908 00:16:55.787,1.12447,1.12452
EUR/USD,20160908 00:21:56.618,1.1243,1.12436
EUR/USD,20160908 00:26:56.868,1.12448,1.12453
EUR/USD,20160908 00:31:57.003,1.12455,1.1246
EUR/USD,20160908 00:36:57.060,1.12469,1.12474
EUR/USD,20160908 00:41:57.349,1.12481,1.12486
EUR/USD,20160908 00:46:57.976,1.12499,1.125
EUR/USD,20160908 00:51:58.175,1.12491,1.12495
EUR/USD,20160908 00:57:00.425,1.12489,1.12496
EUR/USD,20160908 01:02:00.574,1.12476,1.1248
EUR/USD,20160908 01:07:00.665,1.1248,1.12485
EUR/USD,20160908 01:12:00.888,1.1246200000000002,1.12467
EUR/USD,20160908 01:17:01.987,1.12456,1.12461
EUR/USD,20160908 01:22:02.055,1.12476,1.1248
EUR/USD,20160908 01:27:04.193,1.12486,1.12491
EUR/USD,20160908 01:32:04.253,1.12505,1.1251
EUR/USD,20160908 01:37:04.303,1.12499,1.12504
EUR/USD,20160908 01:42:04.466,1.12511,1.12515
EUR/USD,20160908 01:47:05.632,1.12501,1.12505
EUR/USD,20160908 01:52:07.030,1.12522,1.12525
EUR/USD,20160908 01:57:07.103,1.1251799999999998,1.12524
EUR/USD,20160908 02:02:07.251,1.12524,1.1253
EUR/USD,20160908 02:07:07.542,1.12499,1.12503
EUR/USD,20160908 02:12:07.647,1.12485,1.12489
EUR/USD,20160908 02:17:09.599,1.12484,1.12489
EUR/USD,20160908 02:22:09.982,1.12461,1.12467
EUR/USD,20160908 02:27:10.083,1.12484,1.12491
EUR/USD,20160908 02:32:11.796,1.1247,1.12476
EUR/USD,20160908 02:37:11.995,1.12496,1.125
EUR/USD,20160908 02:42:12.023,1.12507,1.12511
EUR/USD,20160908 02:47:12.087,1.12526,1.12531
EUR/USD,20160908 02:52:12.545,1.12545,1.12545
EUR/USD,20160908 02:57:12.556,1.1257,1.12574
EUR/USD,20160908 03:02:13.669,1.12539,1.12544
EUR/USD,20160908 03:07:14.844,1.1252799999999998,1.12534
EUR/USD,20160908 03:12:15.892,1.12523,1.12527
EUR/USD,20160908 03:17:15.976,1.12535,1.12541
EUR/USD,20160908 03:22:16.045,1.12524,1.12529
EUR/USD,20160908 03:27:16.077,1.12531,1.12535
EUR/USD,20160908 03:32:16.202,1.12526,1.12531
EUR/USD,20160908 03:37:17.045,1.12529,1.12534
EUR/USD,20160908 03:42:17.229,1.12514,1.12519
EUR/USD,20160908 03:47:17.582,1.1250200000000001,1.1250799999999999
EUR/USD,20160908 03:52:18.085,1.12494,1.125
EUR/USD,20160908 03:57:18.647,1.12485,1.1249
EUR/USD,20160908 04:02:18.670,1.12489,1.12493
EUR/USD,20160908 04:07:18.671,1.12484,1.1248799999999999
EUR/USD,20160908 04:12:20.036,1.12504,1.1250799999999999
EUR/USD,20160908 04:17:22.017,1.12521,1.12526
EUR/USD,20160908 04:22:22.091,1.12529,1.12534
EUR/USD,20160908 04:27:22.110,1.12535,1.12537
EUR/USD,20160908 04:32:22.192,1.12539,1.12543
EUR/USD,20160908 04:37:22.604,1.12509,1.1251200000000001
EUR/USD,20160908 04:42:22.739,1.12513,1.12519
EUR/USD,20160908 04:47:22.829,1.12493,1.12499
EUR/USD,20160908 04:52:24.547,1.12493,1.12497
EUR/USD,20160908 04:57:26.728,1.12478,1.12483
EUR/USD,20160908 05:02:26.853,1.1251,1.12515
EUR/USD,20160908 05:07:26.933,1.1248200000000002,1.12487
EUR/USD,20160908 05:12:26.973,1.1248200000000002,1.12487
EUR/USD,20160908 05:17:27.018,1.1245399999999999,1.12459
EUR/USD,20160908 05:22:27.202,1.12475,1.12479
EUR/USD,20160908 05:27:27.590,1.12463,1.12469
EUR/USD,20160908 05:32:27.695,1.12469,1.12475
EUR/USD,20160908 05:37:27.784,1.12489,1.12493
EUR/USD,20160908 05:42:27.991,1.12504,1.12507
EUR/USD,20160908 05:47:28.166,1.12499,1.1250200000000001
EUR/USD,20160908 05:52:28.502,1.1249799999999999,1.1250200000000001
EUR/USD,20160908 05:57:28.941,1.12523,1.12526
EUR/USD,20160908 06:02:29.178,1.12507,1.1251200000000001
EUR/USD,20160908 06:07:29.350,1.12515,1.12519
EUR/USD,20160908 06:12:29.372,1.12526,1.1253
EUR/USD,20160908 06:17:29.432,1.12534,1.12539
EUR/USD,20160908 06:22:30.109,1.12531,1.12535
EUR/USD,20160908 06:27:30.242,1.12514,1.12519
EUR/USD,20160908 06:32:30.266,1.12484,1.1248799999999999
EUR/USD,20160908 06:37:30.322,1.12535,1.1254
EUR/USD,20160908 06:42:30.323,1.1254,1.12543
EUR/USD,20160908 06:47:30.437,1.1257700000000002,1.1258
EUR/USD,20160908 06:52:30.747,1.12582,1.12586
EUR/USD,20160908 06:57:30.749,1.12586,1.1259
EUR/USD,20160908 07:02:30.903,1.12582,1.12584
EUR/USD,20160908 07:07:30.991,1.12576,1.1258
EUR/USD,20160908 07:12:31.028,1.12637,1.1264100000000001
EUR/USD,20160908 07:17:31.111,1.12614,1.12619
EUR/USD,20160908 07:22:31.463,1.12619,1.1262299999999998
EUR/USD,20160908 07:27:31.490,1.12635,1.1264
EUR/USD,20160908 07:32:31.635,1.12599,1.12604
EUR/USD,20160908 07:37:31.804,1.12578,1.12582
EUR/USD,20160908 07:42:31.812,1.1259299999999999,1.1259700000000001
EUR/USD,20160908 07:47:32.028,1.12601,1.12604
EUR/USD,20160908 07:52:32.365,1.12639,1.1264299999999998
EUR/USD,20160908 07:57:32.423,1.1266399999999999,1.12669
EUR/USD,20160908 08:02:32.572,1.12678,1.1268
EUR/USD,20160908 08:07:32.699,1.1267200000000002,1.12676
EUR/USD,20160908 08:12:32.781,1.1273,1.12733
EUR/USD,20160908 08:17:32.901,1.12699,1.12703
EUR/USD,20160908 08:22:33.017,1.1267399999999999,1.12678
EUR/USD,20160908 08:27:33.112,1.12689,1.12693
EUR/USD,20160908 08:32:33.248,1.1276,1.12764
EUR/USD,20160908 08:37:33.312,1.1271799999999998,1.12722
EUR/USD,20160908 08:42:33.313,1.127,1.12703
EUR/USD,20160908 08:47:33.436,1.12699,1.12704
EUR/USD,20160908 08:52:33.510,1.12733,1.1273799999999998
EUR/USD,20160908 08:57:34.200,1.1272,1.12725
EUR/USD,20160908 09:02:34.216,1.12699,1.12704
EUR/USD,20160908 09:07:34.323,1.12704,1.1270799999999999
EUR/USD,20160908 09:12:34.421,1.1272799999999998,1.12731
EUR/USD,20160908 09:17:34.487,1.12695,1.127
EUR/USD,20160908 09:22:34.614,1.12715,1.1271799999999998
EUR/USD,20160908 09:27:34.669,1.12734,1.12739
EUR/USD,20160908 09:32:34.672,1.12741,1.12745
EUR/USD,20160908 09:37:34.839,1.12739,1.12743
EUR/USD,20160908 09:42:34.966,1.1276,1.12765
EUR/USD,20160908 09:47:35.102,1.1277,1.12774
EUR/USD,20160908 09:52:35.226,1.12752,1.1275600000000001
EUR/USD,20160908 09:57:35.391,1.12754,1.1275899999999999
EUR/USD,20160908 10:02:35.419,1.12785,1.12788
EUR/USD,20160908 10:07:35.633,1.1279299999999999,1.12798
EUR/USD,20160908 10:12:35.675,1.12825,1.12829
EUR/USD,20160908 10:17:35.719,1.1284100000000001,1.12845
EUR/USD,20160908 10:22:35.771,1.12931,1.12935
EUR/USD,20160908 10:27:35.976,1.1293600000000001,1.1294
EUR/USD,20160908 10:32:35.981,1.12953,1.12958
EUR/USD,20160908 10:37:35.985,1.12943,1.12944
EUR/USD,20160908 10:42:36.062,1.12914,1.12919
EUR/USD,20160908 10:47:36.266,1.12909,1.12913
EUR/USD,20160908 10:52:36.323,1.1291200000000001,1.12917
EUR/USD,20160908 10:57:36.619,1.12919,1.12923
EUR/USD,20160908 11:02:36.765,1.12924,1.1292799999999998
EUR/USD,20160908 11:07:36.784,1.12904,1.12909
EUR/USD,20160908 11:12:37.047,1.12855,1.12859
EUR/USD,20160908 11:17:37.086,1.1287,1.12871
EUR/USD,20160908 11:22:37.094,1.1289,1.12895
EUR/USD,20160908 11:27:37.217,1.12885,1.12889
EUR/USD,20160908 11:32:37.390,1.1286100000000001,1.12865
EUR/USD,20160908 11:37:37.586,1.12905,1.12909
EUR/USD,20160908 11:42:37.694,1.12903,1.12907
EUR/USD,20160908 11:47:37.744,1.1306200000000002,1.13069
EUR/USD,20160908 11:52:37.891,1.13038,1.13042
EUR/USD,20160908 11:57:38.024,1.12968,1.1296899999999999
EUR/USD,20160908 12:02:38.152,1.12982,1.12985
EUR/USD,20160908 12:07:38.298,1.12988,1.1299299999999999
EUR/USD,20160908 12:12:38.436,1.12979,1.12984
EUR/USD,20160908 12:17:38.556,1.12958,1.12963
EUR/USD,20160908 12:22:38.705,1.12964,1.1296899999999999
EUR/USD,20160908 12:27:38.731,1.12947,1.12952
EUR/USD,20160908 12:32:38.750,1.12943,1.1294600000000001
EUR/USD,20160908 12:37:38.883,1.12775,1.1278
EUR/USD,20160908 12:42:38.921,1.13097,1.1310200000000001
EUR/USD,20160908 12:47:38.954,1.13196,1.13201
EUR/USD,20160908 12:52:38.975,1.13179,1.13184
EUR/USD,20160908 12:57:39.233,1.1311,1.13116
EUR/USD,20160908 13:02:39.295,1.13006,1.13006
EUR/USD,20160908 13:07:39.459,1.1296700000000002,1.1297
EUR/USD,20160908 13:12:39.882,1.13052,1.13055
EUR/USD,20160908 13:17:40.096,1.13154,1.13157
EUR/USD,20160908 13:22:40.126,1.13236,1.13237
EUR/USD,20160908 13:27:40.161,1.13151,1.1315600000000001
EUR/USD,20160908 13:32:40.294,1.1321,1.1321299999999999
EUR/USD,20160908 13:37:40.503,1.13044,1.13049
EUR/USD,20160908 13:42:40.582,1.13069,1.1307399999999999
EUR/USD,20160908 13:47:40.704,1.13029,1.13032
EUR/USD,20160908 13:52:40.736,1.13031,1.13034
EUR/USD,20160908 13:57:40.934,1.12906,1.12909
EUR/USD,20160908 14:02:41.091,1.12895,1.12899
EUR/USD,20160908 14:07:41.154,1.1276700000000002,1.1277
EUR/USD,20160908 14:12:41.368,1.12684,1.1268799999999999
EUR/USD,20160908 14:17:41.532,1.12666,1.1267
EUR/USD,20160908 14:22:41.671,1.1272,1.12723
EUR/USD,20160908 14:27:41.736,1.12762,1.12765
EUR/USD,20160908 14:32:41.753,1.1273799999999998,1.12742
EUR/USD,20160908 14:37:41.905,1.12739,1.12744
EUR/USD,20160908 14:42:42.062,1.12725,1.1273
EUR/USD,20160908 14:47:42.079,1.12639,1.1264299999999998
EUR/USD,20160908 14:52:42.106,1.12696,1.1269799999999999
EUR/USD,20160908 14:57:42.138,1.1270799999999999,1.12711
EUR/USD,20160908 15:02:42.160,1.1277,1.12774
EUR/USD,20160908 15:07:42.257,1.12734,1.12739
EUR/USD,20160908 15:12:42.369,1.12755,1.1276
EUR/USD,20160908 15:17:42.417,1.12798,1.12802
EUR/USD,20160908 15:22:42.654,1.12798,1.12802
EUR/USD,20160908 15:27:42.786,1.12765,1.12768
EUR/USD,20160908 15:32:42.882,1.127,1.12703
EUR/USD,20160908 15:37:42.932,1.1267,1.12673
EUR/USD,20160908 15:42:43.063,1.12715,1.12719
EUR/USD,20160908 15:47:43.114,1.12629,1.1263299999999998
EUR/USD,20160908 15:52:43.351,1.12606,1.1261
EUR/USD,20160908 15:57:43.443,1.12547,1.1255
EUR/USD,20160908 16:02:43.812,1.1256700000000002,1.12568
EUR/USD,20160908 16:07:43.815,1.12525,1.1253
EUR/USD,20160908 16:12:43.924,1.12519,1.12522
EUR/USD,20160908 16:17:44.096,1.12513,1.12519
EUR/USD,20160908 16:22:44.161,1.1249,1.12495
EUR/USD,20160908 16:27:44.286,1.12455,1.12457
EUR/USD,20160908 16:32:44.348,1.12421,1.12425
EUR/USD,20160908 16:37:44.661,1.12513,1.12515
EUR/USD,20160908 16:42:44.748,1.1248799999999999,1.1249200000000001
EUR/USD,20160908 16:47:45.026,1.12544,1.12545
EUR/USD,20160908 16:52:45.164,1.12532,1.12535
EUR/USD,20160908 16:57:45.164,1.12511,1.12515
EUR/USD,20160908 17:02:45.201,1.12438,1.12438
EUR/USD,20160908 17:07:45.237,1.1244100000000001,1.12445
EUR/USD,20160908 17:12:45.238,1.12459,1.12465
EUR/USD,20160908 17:17:45.635,1.1246,1.1246399999999999
EUR/USD,20160908 17:22:45.815,1.12474,1.12478
EUR/USD,20160908 17:27:45.863,1.1249,1.12495
EUR/USD,20160908 17:32:45.919,1.12533,1.12537
EUR/USD,20160908 17:37:46.063,1.12543,1.12544
EUR/USD,20160908 17:42:46.194,1.1254899999999999,1.12552
EUR/USD,20160908 17:47:46.335,1.12539,1.12543
EUR/USD,20160908 17:52:46.345,1.12533,1.1253600000000001
EUR/USD,20160908 17:57:46.383,1.12505,1.1251
EUR/USD,20160908 18:02:46.485,1.1251200000000001,1.12515
EUR/USD,20160908 18:07:46.861,1.12509,1.12515
EUR/USD,20160908 18:12:46.995,1.12513,1.12515
EUR/USD,20160908 18:17:47.067,1.12519,1.12524
EUR/USD,20160908 18:22:47.536,1.1254,1.12545
EUR/USD,20160908 18:27:47.715,1.12535,1.12539
EUR/USD,20160908 18:32:47.756,1.12565,1.1257
EUR/USD,20160908 18:37:47.846,1.12561,1.12564
EUR/USD,20160908 18:42:47.938,1.12574,1.12578
EUR/USD,20160908 18:47:48.085,1.1259700000000001,1.12601
EUR/USD,20160908 18:52:48.384,1.1256899999999999,1.12574
EUR/USD,20160908 18:57:48.415,1.1258299999999999,1.12588
EUR/USD,20160908 19:02:48.693,1.12574,1.12579
EUR/USD,20160908 19:07:49.240,1.12576,1.1258
EUR/USD,20160908 19:12:49.778,1.12558,1.12561
EUR/USD,20160908 19:17:49.883,1.12547,1.12552
EUR/USD,20160908 19:22:50.245,1.12525,1.1253
EUR/USD,20160908 19:27:50.251,1.12554,1.1255899999999999
EUR/USD,20160908 19:32:50.434,1.1254899999999999,1.12553
EUR/USD,20160908 19:37:50.435,1.12509,1.12513
EUR/USD,20160908 19:42:50.817,1.12505,1.1251
EUR/USD,20160908 19:47:51.128,1.12513,1.12517
EUR/USD,20160908 19:52:51.933,1.1251799999999998,1.12523
EUR/USD,20160908 19:57:52.021,1.12555,1.1256
EUR/USD,20160908 20:02:52.969,1.1256700000000002,1.12571
EUR/USD,20160908 20:07:53.033,1.12562,1.12568
EUR/USD,20160908 20:12:53.947,1.12554,1.12558
EUR/USD,20160908 20:17:55.438,1.1254899999999999,1.1255600000000001
EUR/USD,20160908 20:22:55.765,1.12564,1.12572
EUR/USD,20160908 20:27:55.827,1.1257700000000002,1.12582
EUR/USD,20160908 20:32:56.022,1.12568,1.12573
EUR/USD,20160908 20:37:56.322,1.12561,1.12566
EUR/USD,20160908 20:42:56.689,1.12563,1.12571
EUR/USD,20160908 20:47:57.004,1.12579,1.12585
EUR/USD,20160908 20:52:57.203,1.1260299999999999,1.12611
EUR/USD,20160908 20:57:57.282,1.1260299999999999,1.12612
EUR/USD,20160908 21:02:58.708,1.12581,1.12615
EUR/USD,20160908 21:07:58.862,1.12598,1.12609
EUR/USD,20160908 21:12:59.575,1.126,1.1261
EUR/USD,20160908 21:17:59.792,1.12618,1.1263
EUR/USD,20160908 21:22:59.937,1.1263100000000001,1.12645
EUR/USD,20160908 21:28:00.103,1.12627,1.1264
EUR/USD,20160908 21:33:00.119,1.12647,1.12655
EUR/USD,20160908 21:38:01.846,1.12632,1.1264299999999998
EUR/USD,20160908 21:43:02.300,1.12629,1.1264399999999999
EUR/USD,20160908 21:48:02.513,1.1263299999999998,1.12658
EUR/USD,20160908 21:53:03.485,1.12648,1.1266399999999999
EUR/USD,20160908 21:58:03.776,1.12614,1.12628
EUR/USD,20160908 22:03:03.805,1.12645,1.1265399999999999
EUR/USD,20160908 22:08:05.851,1.1264,1.1265
EUR/USD,20160908 22:13:05.959,1.12615,1.1262299999999998
EUR/USD,20160908 22:18:06.368,1.12632,1.12642
EUR/USD,20160908 22:23:07.206,1.12657,1.12663
EUR/USD,20160908 22:28:07.678,1.1266200000000002,1.12671
EUR/USD,20160908 22:33:07.819,1.12637,1.12645
EUR/USD,20160908 22:38:07.968,1.12632,1.1264
EUR/USD,20160908 22:43:08.054,1.12632,1.1264100000000001
EUR/USD,20160908 22:48:09.085,1.1263299999999998,1.1264399999999999
EUR/USD,20160908 22:53:09.130,1.1263299999999998,1.1264100000000001
EUR/USD,20160908 22:58:09.363,1.12639,1.12647
EUR/USD,20160908 23:03:09.485,1.12648,1.12656
EUR/USD,20160908 23:08:09.856,1.12671,1.12679
EUR/USD,20160908 23:13:09.915,1.12703,1.1271
EUR/USD,20160908 23:18:10.220,1.12691,1.12697
EUR/USD,20160908 23:23:11.770,1.12676,1.12683
EUR/USD,20160908 23:28:11.890,1.12685,1.12691
EUR/USD,20160908 23:33:12.153,1.12669,1.12675
EUR/USD,20160908 23:38:12.272,1.1268,1.12686
EUR/USD,20160908 23:43:12.342,1.127,1.1270200000000001
EUR/USD,20160908 23:48:12.485,1.12683,1.12687
EUR/USD,20160908 23:53:13.013,1.12665,1.12673
EUR/USD,20160908 23:58:13.804,1.12683,1.1269
EUR/USD,20160909 00:03:13.875,1.1266200000000002,1.12668
EUR/USD,20160909 00:08:13.876,1.1265399999999999,1.1266
EUR/USD,20160909 00:13:14.003,1.12715,1.12719
EUR/USD,20160909 00:18:14.269,1.12719,1.12724
EUR/USD,20160909 00:23:14.734,1.12715,1.1272
EUR/USD,20160909 00:28:15.387,1.12716,1.1272
EUR/USD,20160909 00:33:15.549,1.12689,1.12694
EUR/USD,20160909 00:38:15.572,1.12713,1.1271799999999998
EUR/USD,20160909 00:43:15.726,1.127,1.12705
EUR/USD,20160909 00:48:15.914,1.12724,1.1273
EUR/USD,20160909 00:53:16.073,1.12714,1.1271799999999998
EUR/USD,20160909 00:58:16.719,1.12679,1.12684
EUR/USD,20160909 01:03:16.735,1.1268799999999999,1.1269200000000001
EUR/USD,20160909 01:08:16.760,1.1267,1.12676
EUR/USD,20160909 01:13:16.877,1.12679,1.12684
EUR/USD,20160909 01:18:17.203,1.12704,1.1270799999999999
EUR/USD,20160909 01:23:17.216,1.12724,1.12729
EUR/USD,20160909 01:28:17.238,1.12717,1.12723
EUR/USD,20160909 01:33:17.753,1.12701,1.12706
EUR/USD,20160909 01:38:17.830,1.1273,1.12734
EUR/USD,20160909 01:43:17.907,1.1270200000000001,1.12703
EUR/USD,20160909 01:48:18.355,1.12733,1.1273799999999998
EUR/USD,20160909 01:53:18.852,1.1272,1.12725
EUR/USD,20160909 01:58:19.332,1.12719,1.12725
EUR/USD,20160909 02:03:19.756,1.1272,1.12725
EUR/USD,20160909 02:08:19.758,1.1271799999999998,1.12723
EUR/USD,20160909 02:13:19.836,1.12721,1.12726
EUR/USD,20160909 02:18:20.001,1.12727,1.12731
EUR/USD,20160909 02:23:20.044,1.12716,1.1271799999999998
EUR/USD,20160909 02:28:20.438,1.1270799999999999,1.12713
EUR/USD,20160909 02:33:20.590,1.12717,1.12721
EUR/USD,20160909 02:38:20.733,1.12744,1.12748
EUR/USD,20160909 02:43:21.290,1.1278,1.12784
EUR/USD,20160909 02:48:21.779,1.12753,1.1275700000000002
EUR/USD,20160909 02:53:21.824,1.12778,1.1278299999999999
EUR/USD,20160909 02:58:22.165,1.12781,1.12786
EUR/USD,20160909 03:03:22.331,1.12773,1.1277700000000002
EUR/USD,20160909 03:08:22.359,1.1278,1.12785
EUR/USD,20160909 03:13:22.722,1.12771,1.12776
EUR/USD,20160909 03:18:22.834,1.12755,1.1275899999999999
EUR/USD,20160909 03:23:23.242,1.1275,1.12755
EUR/USD,20160909 03:28:23.817,1.12751,1.1275600000000001
EUR/USD,20160909 03:33:23.924,1.12748,1.12755
EUR/USD,20160909 03:38:23.953,1.1274899999999999,1.12753
EUR/USD,20160909 03:43:25.786,1.1273799999999998,1.12744
EUR/USD,20160909 03:48:25.812,1.12727,1.12734
EUR/USD,20160909 03:53:25.891,1.12739,1.12744
EUR/USD,20160909 03:58:25.956,1.1275700000000002,1.1276
EUR/USD,20160909 04:03:25.956,1.12755,1.1276
EUR/USD,20160909 04:08:27.278,1.1275,1.12755
EUR/USD,20160909 04:13:27.774,1.12773,1.12778
EUR/USD,20160909 04:18:27.804,1.12816,1.12819
EUR/USD,20160909 04:23:27.926,1.12808,1.1281299999999999
EUR/USD,20160909 04:28:28.063,1.12812,1.12819
EUR/USD,20160909 04:33:28.239,1.12778,1.1278299999999999
EUR/USD,20160909 04:38:29.844,1.12788,1.1279299999999999
EUR/USD,20160909 04:43:29.900,1.12782,1.12788
EUR/USD,20160909 04:48:30.319,1.12796,1.12801
EUR/USD,20160909 04:53:30.328,1.12794,1.12799
EUR/USD,20160909 04:58:30.603,1.12778,1.1278299999999999
EUR/USD,20160909 05:03:31.260,1.1276700000000002,1.12771
EUR/USD,20160909 05:08:31.900,1.12796,1.128
EUR/USD,20160909 05:13:32.170,1.12799,1.12804
EUR/USD,20160909 05:18:32.317,1.12798,1.1280299999999999
EUR/USD,20160909 05:23:33.844,1.12809,1.12815
EUR/USD,20160909 05:28:34.119,1.12778,1.12782
EUR/USD,20160909 05:33:34.731,1.12789,1.12794
EUR/USD,20160909 05:38:34.913,1.12799,1.12804
EUR/USD,20160909 05:43:35.438,1.12778,1.12784
EUR/USD,20160909 05:48:35.720,1.12784,1.12788
EUR/USD,20160909 05:53:35.845,1.1281,1.12816
EUR/USD,20160909 05:58:35.932,1.12828,1.12832
EUR/USD,20160909 06:03:36.270,1.12805,1.12809
EUR/USD,20160909 06:08:36.531,1.12808,1.1281299999999999
EUR/USD,20160909 06:13:37.283,1.12825,1.12828
EUR/USD,20160909 06:18:37.409,1.1280700000000001,1.12812
EUR/USD,20160909 06:23:37.585,1.12779,1.1278299999999999
EUR/USD,20160909 06:28:37.682,1.12771,1.12774
EUR/USD,20160909 06:33:38.373,1.12763,1.12768
EUR/USD,20160909 06:38:38.820,1.12727,1.12732
EUR/USD,20160909 06:43:38.925,1.1270799999999999,1.1271200000000001
EUR/USD,20160909 06:48:39.118,1.1270799999999999,1.12714
EUR/USD,20160909 06:53:39.161,1.1271200000000001,1.12716
EUR/USD,20160909 06:58:39.331,1.1271,1.12714
EUR/USD,20160909 07:03:39.400,1.1272799999999998,1.12733
EUR/USD,20160909 07:08:39.572,1.12754,1.1275899999999999
EUR/USD,20160909 07:13:39.917,1.1274899999999999,1.12753
EUR/USD,20160909 07:18:40.240,1.12747,1.1275
EUR/USD,20160909 07:23:40.313,1.1273600000000001,1.12739
EUR/USD,20160909 07:28:40.595,1.1274600000000001,1.1275
EUR/USD,20160909 07:33:40.984,1.12739,1.12744
EUR/USD,20160909 07:38:41.050,1.12744,1.12748
EUR/USD,20160909 07:43:41.141,1.1275,1.12754
EUR/USD,20160909 07:48:41.275,1.12754,1.12758
EUR/USD,20160909 07:53:41.370,1.12744,1.12748
EUR/USD,20160909 07:58:41.551,1.12737,1.12741
EUR/USD,20160909 08:03:41.681,1.12741,1.1274600000000001
EUR/USD,20160909 08:08:41.840,1.12776,1.1278
EUR/USD,20160909 08:13:42.301,1.12751,1.1275600000000001
EUR/USD,20160909 08:18:42.420,1.1270799999999999,1.12711
EUR/USD,20160909 08:23:42.462,1.12678,1.12683
EUR/USD,20160909 08:28:42.501,1.12639,1.1264399999999999
EUR/USD,20160909 08:33:42.540,1.12658,1.12663
EUR/USD,20160909 08:38:42.650,1.12693,1.12697
EUR/USD,20160909 08:43:42.803,1.12696,1.127
EUR/USD,20160909 08:48:43.155,1.12693,1.1269799999999999
EUR/USD,20160909 08:53:43.306,1.12691,1.12696
EUR/USD,20160909 08:58:43.540,1.12709,1.12713
EUR/USD,20160909 09:03:43.587,1.1269200000000001,1.12696
EUR/USD,20160909 09:08:44.654,1.12704,1.12709
EUR/USD,20160909 09:13:44.747,1.12717,1.1272
EUR/USD,20160909 09:18:44.876,1.1274600000000001,1.1275
EUR/USD,20160909 09:23:45.029,1.12748,1.12753
EUR/USD,20160909 09:28:45.149,1.12729,1.12733
EUR/USD,20160909 09:33:45.218,1.12742,1.12745
EUR/USD,20160909 09:38:45.340,1.12729,1.12732
EUR/USD,20160909 09:43:45.672,1.12705,1.12709
EUR/USD,20160909 09:48:46.438,1.12714,1.12719
EUR/USD,20160909 09:53:46.568,1.12713,1.12717
EUR/USD,20160909 09:58:46.610,1.1271799999999998,1.1272
EUR/USD,20160909 10:03:47.226,1.1271799999999998,1.12723
EUR/USD,20160909 10:08:47.348,1.12709,1.1271200000000001
EUR/USD,20160909 10:13:47.350,1.12713,1.1271799999999998
EUR/USD,20160909 10:18:47.556,1.12696,1.127
EUR/USD,20160909 10:23:47.757,1.1272,1.12724
EUR/USD,20160909 10:28:47.859,1.1271799999999998,1.12721
EUR/USD,20160909 10:33:47.934,1.1268799999999999,1.1269200000000001
EUR/USD,20160909 10:38:47.960,1.1266100000000001,1.1266399999999999
EUR/USD,20160909 10:43:47.997,1.12691,1.12694
EUR/USD,20160909 10:48:48.216,1.1266399999999999,1.12668
EUR/USD,20160909 10:53:48.365,1.12659,1.12663
EUR/USD,20160909 10:58:48.559,1.1263299999999998,1.12637
EUR/USD,20160909 11:03:48.565,1.12625,1.12629
EUR/USD,20160909 11:08:48.783,1.1266399999999999,1.12667
EUR/USD,20160909 11:13:48.938,1.12639,1.1264299999999998
EUR/USD,20160909 11:18:48.947,1.12677,1.1268200000000002
EUR/USD,20160909 11:23:49.130,1.12704,1.1270799999999999
EUR/USD,20160909 11:28:49.304,1.12752,1.12755
EUR/USD,20160909 11:33:49.413,1.12703,1.12706
EUR/USD,20160909 11:38:49.479,1.12744,1.12745
EUR/USD,20160909 11:43:49.642,1.12703,1.1270799999999999
EUR/USD,20160909 11:48:49.802,1.12684,1.12687
EUR/USD,20160909 11:53:50.142,1.1267200000000002,1.12676
EUR/USD,20160909 11:58:50.176,1.12632,1.12635
EUR/USD,20160909 12:03:50.191,1.12655,1.12659
EUR/USD,20160909 12:08:50.325,1.12636,1.1264
EUR/USD,20160909 12:13:50.433,1.12657,1.1266
EUR/USD,20160909 12:18:50.495,1.12544,1.12548
EUR/USD,20160909 12:23:50.656,1.12541,1.1254600000000001
EUR/USD,20160909 12:28:50.795,1.12547,1.12552
EUR/USD,20160909 12:33:50.933,1.12504,1.12507
EUR/USD,20160909 12:38:51.017,1.12523,1.1252799999999998
EUR/USD,20160909 12:43:51.185,1.12477,1.12479
EUR/USD,20160909 12:48:51.271,1.1246200000000002,1.12467
EUR/USD,20160909 12:53:51.424,1.12452,1.12456
EUR/USD,20160909 12:58:51.506,1.1242299999999998,1.12428
EUR/USD,20160909 13:03:51.651,1.12309,1.12313
EUR/USD,20160909 13:08:51.847,1.12333,1.1233799999999998
EUR/USD,20160909 13:13:52.022,1.12334,1.12337
EUR/USD,20160909 13:18:52.062,1.12348,1.12352
EUR/USD,20160909 13:23:52.252,1.12309,1.12314
EUR/USD,20160909 13:28:52.553,1.1224,1.1224399999999999
EUR/USD,20160909 13:33:52.590,1.1216899999999999,1.12173
EUR/USD,20160909 13:38:52.596,1.1217700000000002,1.12179
EUR/USD,20160909 13:43:52.649,1.1213600000000001,1.1214
EUR/USD,20160909 13:48:52.669,1.12106,1.1210799999999999
EUR/USD,20160909 13:53:52.669,1.121,1.12103
EUR/USD,20160909 13:58:52.703,1.12049,1.12053
EUR/USD,20160909 14:03:52.722,1.12053,1.12058
EUR/USD,20160909 14:08:53.370,1.1209,1.1209200000000001
EUR/USD,20160909 14:13:53.392,1.12222,1.12222
EUR/USD,20160909 14:18:53.462,1.1229799999999999,1.1230200000000001
EUR/USD,20160909 14:23:53.547,1.12106,1.12109
EUR/USD,20160909 14:28:53.595,1.12153,1.1215700000000002
EUR/USD,20160909 14:33:53.641,1.1224,1.1224399999999999
EUR/USD,20160909 14:38:53.655,1.1215600000000001,1.1216
EUR/USD,20160909 14:43:53.710,1.12123,1.12127
EUR/USD,20160909 14:48:53.729,1.121,1.12103
EUR/USD,20160909 14:53:53.792,1.12174,1.12178
EUR/USD,20160909 14:58:53.794,1.12163,1.1216700000000002
EUR/USD,20160909 15:03:53.846,1.1211799999999998,1.12121
EUR/USD,20160909 15:08:53.954,1.12127,1.12132
EUR/USD,20160909 15:13:53.982,1.12154,1.1215700000000002
EUR/USD,20160909 15:18:54.016,1.1213600000000001,1.1214
EUR/USD,20160909 15:23:54.039,1.12166,1.1216899999999999
EUR/USD,20160909 15:28:54.185,1.12198,1.12202
EUR/USD,20160909 15:33:54.298,1.12184,1.1218700000000001
EUR/USD,20160909 15:38:54.366,1.12186,1.12189
EUR/USD,20160909 15:43:54.392,1.1219299999999999,1.12198
EUR/USD,20160909 15:48:54.508,1.12162,1.1216700000000002
EUR/USD,20160909 15:53:54.583,1.12152,1.1215600000000001
EUR/USD,20160909 15:58:54.642,1.12153,1.12158
EUR/USD,20160909 16:03:54.940,1.12123,1.12127
EUR/USD,20160909 16:08:55.175,1.12095,1.1209799999999999
EUR/USD,20160909 16:13:55.446,1.1209799999999999,1.12103
EUR/USD,20160909 16:18:55.469,1.12067,1.1207200000000002
EUR/USD,20160909 16:23:55.486,1.12077,1.1208
EUR/USD,20160909 16:28:55.621,1.1205,1.12055
EUR/USD,20160909 16:33:55.652,1.12083,1.1208799999999999
EUR/USD,20160909 16:38:55.776,1.12121,1.12125
EUR/USD,20160909 16:43:55.784,1.1213600000000001,1.1213899999999999
EUR/USD,20160909 16:48:55.804,1.12109,1.12114
EUR/USD,20160909 16:53:55.853,1.12109,1.12113
EUR/USD,20160909 16:58:55.926,1.12148,1.12152
EUR/USD,20160909 17:03:56.017,1.12166,1.1217
EUR/USD,20160909 17:08:56.118,1.12173,1.1217700000000002
EUR/USD,20160909 17:13:56.229,1.1216,1.12164
EUR/USD,20160909 17:18:56.251,1.1215700000000002,1.12161
EUR/USD,20160909 17:23:56.355,1.1216899999999999,1.12174
EUR/USD,20160909 17:28:56.463,1.12174,1.12179
EUR/USD,20160909 17:33:56.529,1.12163,1.1216700000000002
EUR/USD,20160909 17:38:56.984,1.12129,1.12133
EUR/USD,20160909 17:43:57.020,1.1213899999999999,1.12144
EUR/USD,20160909 17:48:57.087,1.12129,1.12134
EUR/USD,20160909 17:53:57.251,1.12115,1.12119
EUR/USD,20160909 17:58:57.393,1.1212799999999998,1.12131
EUR/USD,20160909 18:03:57.485,1.1211799999999998,1.12121
EUR/USD,20160909 18:08:57.641,1.12123,1.1212600000000001
EUR/USD,20160909 18:13:57.774,1.12116,1.12121
EUR/USD,20160909 18:18:57.807,1.1211799999999998,1.12123
EUR/USD,20160909 18:23:57.826,1.1212,1.12125
EUR/USD,20160909 18:28:57.884,1.1216,1.12163
EUR/USD,20160909 18:33:57.975,1.12212,1.12215
EUR/USD,20160909 18:38:58.005,1.1221700000000001,1.12221
EUR/USD,20160909 18:43:58.032,1.12211,1.12216
EUR/USD,20160909 18:48:58.291,1.12273,1.12278
EUR/USD,20160909 18:53:58.445,1.12287,1.1229
EUR/USD,20160909 18:58:58.599,1.12279,1.1228200000000002
EUR/USD,20160909 19:03:58.599,1.12256,1.1226
EUR/USD,20160909 19:08:58.626,1.12235,1.12239
EUR/USD,20160909 19:13:58.807,1.12245,1.12248
EUR/USD,20160909 19:18:59.686,1.12255,1.1226
EUR/USD,20160909 19:23:59.770,1.12242,1.12247
EUR/USD,20160909 19:28:59.811,1.12269,1.12274
EUR/USD,20160909 19:34:00.049,1.1226,1.12265
EUR/USD,20160909 19:39:00.155,1.12281,1.12285
EUR/USD,20160909 19:44:00.234,1.12267,1.12273
EUR/USD,20160909 19:49:00.681,1.12263,1.12269
EUR/USD,20160909 19:54:00.718,1.12263,1.12269
EUR/USD,20160909 19:59:00.772,1.12274,1.12278
EUR/USD,20160909 20:04:00.844,1.1226200000000002,1.12265
EUR/USD,20160909 20:09:01.142,1.1225,1.12256
EUR/USD,20160909 20:14:01.363,1.1224,1.12245
EUR/USD,20160909 20:19:01.958,1.12234,1.1224
EUR/USD,20160909 20:24:02.059,1.12263,1.12269
EUR/USD,20160909 20:29:02.192,1.12303,1.12309
EUR/USD,20160909 20:34:02.213,1.12314,1.12321
EUR/USD,20160909 20:39:02.605,1.12323,1.1233
EUR/USD,20160909 20:44:04.428,1.1233600000000001,1.1234600000000001
EUR/USD,20160909 20:49:05.012,1.12316,1.1232600000000001
EUR/USD,20160909 20:54:05.429,1.12313,1.12322
EUR/USD,20160909 20:59:05.518,1.12313,1.1232600000000001
EUR/USD,20160912 00:00:00.014,1.12404,1.1241
EUR/USD,20160912 00:05:00.307,1.12375,1.1238
EUR/USD,20160912 00:10:00.817,1.12373,1.12378
EUR/USD,20160912 00:15:00.963,1.12389,1.1239299999999999
EUR/USD,20160912 00:20:01.322,1.1238299999999999,1.1238700000000001
EUR/USD,20160912 00:25:01.481,1.12368,1.12371
EUR/USD,20160912 00:30:01.798,1.12374,1.12378
EUR/USD,20160912 00:35:02.092,1.1236700000000002,1.12372
EUR/USD,20160912 00:40:02.125,1.12355,1.12361
EUR/USD,20160912 00:45:02.148,1.1241299999999999,1.1241700000000001
EUR/USD,20160912 00:50:02.161,1.1245399999999999,1.12458
EUR/USD,20160912 00:55:02.299,1.12457,1.12461
EUR/USD,20160912 01:00:02.524,1.1248200000000002,1.12487
EUR/USD,20160912 01:05:02.583,1.12479,1.12484
EUR/USD,20160912 01:10:02.645,1.12474,1.12478
EUR/USD,20160912 01:15:02.666,1.12473,1.12479
EUR/USD,20160912 01:20:02.969,1.12476,1.12481
EUR/USD,20160912 01:25:03.118,1.1245100000000001,1.12457
EUR/USD,20160912 01:30:03.153,1.12461,1.12463
EUR/USD,20160912 01:35:03.177,1.12481,1.12485
EUR/USD,20160912 01:40:03.389,1.12497,1.125
EUR/USD,20160912 01:45:03.503,1.12481,1.12487
EUR/USD,20160912 01:50:03.519,1.12471,1.12476
EUR/USD,20160912 01:55:03.565,1.12442,1.12447
EUR/USD,20160912 02:00:03.594,1.12411,1.12415
EUR/USD,20160912 02:05:03.757,1.1237700000000002,1.12382
EUR/USD,20160912 02:10:03.861,1.1236700000000002,1.1237
EUR/USD,20160912 02:15:05.794,1.12351,1.1235600000000001
EUR/USD,20160912 02:20:06.337,1.12381,1.12386
EUR/USD,20160912 02:25:06.403,1.12371,1.12378
EUR/USD,20160912 02:30:06.411,1.12372,1.12378
EUR/USD,20160912 02:35:06.771,1.12382,1.12388
EUR/USD,20160912 02:40:06.779,1.12389,1.1239299999999999
EUR/USD,20160912 02:45:06.780,1.12382,1.12386
EUR/USD,20160912 02:50:08.200,1.1239299999999999,1.12398
EUR/USD,20160912 02:55:08.209,1.12402,1.1240700000000001
EUR/USD,20160912 03:00:08.286,1.12386,1.12392
EUR/USD,20160912 03:05:08.412,1.12401,1.1240700000000001
EUR/USD,20160912 03:10:08.418,1.12396,1.124
EUR/USD,20160912 03:15:08.458,1.12399,1.12405
EUR/USD,20160912 03:20:08.547,1.12401,1.12406
EUR/USD,20160912 03:25:08.626,1.1239700000000001,1.12402
EUR/USD,20160912 03:30:08.782,1.1239700000000001,1.12402
EUR/USD,20160912 03:35:08.834,1.12408,1.12412
EUR/USD,20160912 03:40:13.494,1.12416,1.12422
EUR/USD,20160912 03:45:16.085,1.12414,1.12419
EUR/USD,20160912 03:50:16.635,1.12428,1.1243299999999998
EUR/USD,20160912 03:55:17.021,1.12427,1.12434
EUR/USD,20160912 04:00:17.062,1.12426,1.1243
EUR/USD,20160912 04:05:18.453,1.1244100000000001,1.12445
