EUR/USD,20180601 00:00:00.076,1.1692200000000001,1.16926
EUR/USD,20180601 00:05:01.050,1.16899,1.16903
EUR/USD,20180601 00:10:01.213,1.16901,1.1690399999999999
EUR/USD,20180601 00:15:01.218,1.1687299999999998,1.16876
EUR/USD,20180601 00:20:03.974,1.16877,1.1688100000000001
EUR/USD,20180601 00:25:11.493,1.16867,1.16869
EUR/USD,20180601 00:30:12.510,1.16868,1.1687100000000001
EUR/USD,20180601 00:35:14.190,1.16882,1.16887
EUR/USD,20180601 00:40:15.223,1.16896,1.16901
EUR/USD,20180601 00:45:18.675,1.16908,1.1691200000000002
EUR/USD,20180601 00:50:20.582,1.16921,1.16926
EUR/USD,20180601 00:55:20.735,1.1691,1.16915
EUR/USD,20180601 01:00:20.759,1.16943,1.16947
EUR/USD,20180601 01:05:21.136,1.16941,1.16944
EUR/USD,20180601 01:10:22.635,1.16946,1.16947
EUR/USD,20180601 01:15:24.951,1.1695,1.16953
EUR/USD,20180601 01:20:27.232,1.16888,1.1689100000000001
EUR/USD,20180601 01:25:32.128,1.1688399999999999,1.16887
EUR/USD,20180601 01:30:32.142,1.16913,1.1691799999999999
EUR/USD,20180601 01:35:35.760,1.16913,1.16917
EUR/USD,20180601 01:40:36.366,1.16954,1.1695799999999998
EUR/USD,20180601 01:45:45.554,1.16909,1.16913
EUR/USD,20180601 01:50:48.429,1.16933,1.1693799999999999
EUR/USD,20180601 01:55:48.615,1.16931,1.16936
EUR/USD,20180601 02:00:48.770,1.16919,1.16923
EUR/USD,20180601 02:05:48.825,1.16908,1.16913
EUR/USD,20180601 02:10:53.472,1.16914,1.1691799999999999
EUR/USD,20180601 02:15:55.205,1.16921,1.16924
EUR/USD,20180601 02:20:55.267,1.16954,1.1695799999999998
EUR/USD,20180601 02:25:58.128,1.16945,1.16947
EUR/USD,20180601 02:30:58.132,1.16949,1.1695
EUR/USD,20180601 02:36:00.085,1.1695799999999998,1.16962
EUR/USD,20180601 02:41:00.796,1.16917,1.1692200000000001
EUR/USD,20180601 02:46:17.481,1.16934,1.16937
EUR/USD,20180601 02:51:17.671,1.16923,1.16929
EUR/USD,20180601 02:56:20.237,1.16913,1.16916
EUR/USD,20180601 03:01:21.647,1.16851,1.16852
EUR/USD,20180601 03:06:21.800,1.1684700000000001,1.16851
EUR/USD,20180601 03:11:23.744,1.1685299999999998,1.16858
EUR/USD,20180601 03:16:28.689,1.16819,1.16822
EUR/USD,20180601 03:21:29.818,1.16808,1.16811
EUR/USD,20180601 03:26:33.148,1.16801,1.16805
EUR/USD,20180601 03:31:37.772,1.16814,1.16819
EUR/USD,20180601 03:36:40.465,1.1681700000000002,1.16822
EUR/USD,20180601 03:41:40.687,1.16802,1.1680700000000002
EUR/USD,20180601 03:46:47.124,1.16804,1.1680700000000002
EUR/USD,20180601 03:51:52.790,1.16814,1.1682
EUR/USD,20180601 03:57:02.265,1.16825,1.16828
EUR/USD,20180601 04:02:16.862,1.16819,1.16822
EUR/USD,20180601 04:07:23.398,1.16812,1.16816
EUR/USD,20180601 04:12:28.026,1.1678899999999999,1.16793
EUR/USD,20180601 04:17:28.246,1.16813,1.16815
EUR/USD,20180601 04:22:36.106,1.16811,1.16815
EUR/USD,20180601 04:27:47.580,1.1681,1.16813
EUR/USD,20180601 04:33:01.159,1.16801,1.16806
EUR/USD,20180601 04:38:02.797,1.16784,1.16788
EUR/USD,20180601 04:43:03.942,1.16782,1.16787
EUR/USD,20180601 04:48:04.073,1.16788,1.16792
EUR/USD,20180601 04:53:04.586,1.16757,1.16762
EUR/USD,20180601 04:58:10.189,1.16769,1.16773
EUR/USD,20180601 05:03:11.081,1.16785,1.16788
EUR/USD,20180601 05:08:12.233,1.16689,1.16693
EUR/USD,20180601 05:13:16.597,1.1669,1.16695
EUR/USD,20180601 05:18:19.414,1.16709,1.1671200000000002
EUR/USD,20180601 05:23:24.032,1.16719,1.16724
EUR/USD,20180601 05:28:24.691,1.16724,1.16726
EUR/USD,20180601 05:33:27.261,1.1675200000000001,1.16756
EUR/USD,20180601 05:38:32.655,1.16734,1.1673799999999999
EUR/USD,20180601 05:43:38.377,1.16724,1.16727
EUR/USD,20180601 05:48:38.990,1.16762,1.1676600000000001
EUR/USD,20180601 05:53:39.264,1.1673799999999999,1.16741
EUR/USD,20180601 05:58:45.323,1.1674799999999999,1.16754
EUR/USD,20180601 06:03:45.539,1.16777,1.16781
EUR/USD,20180601 06:08:46.282,1.16733,1.16736
EUR/USD,20180601 06:13:47.152,1.16701,1.16705
EUR/USD,20180601 06:18:47.465,1.16658,1.16662
EUR/USD,20180601 06:23:47.554,1.16698,1.1670200000000002
EUR/USD,20180601 06:28:48.078,1.16755,1.16757
EUR/USD,20180601 06:33:49.928,1.16769,1.16773
EUR/USD,20180601 06:38:51.922,1.16729,1.16731
EUR/USD,20180601 06:43:53.443,1.1677,1.16772
EUR/USD,20180601 06:48:54.089,1.16773,1.16774
EUR/USD,20180601 06:53:54.588,1.1676600000000001,1.1677
EUR/USD,20180601 06:58:56.076,1.16839,1.16842
EUR/USD,20180601 07:03:56.125,1.16895,1.16899
EUR/USD,20180601 07:08:56.400,1.1684299999999999,1.16846
EUR/USD,20180601 07:13:56.584,1.1684,1.1684299999999999
EUR/USD,20180601 07:18:58.002,1.16874,1.16879
EUR/USD,20180601 07:23:59.693,1.16937,1.16939
EUR/USD,20180601 07:29:00.091,1.1694200000000001,1.16945
EUR/USD,20180601 07:34:00.533,1.16987,1.16991
EUR/USD,20180601 07:39:00.861,1.16963,1.16967
EUR/USD,20180601 07:44:02.266,1.1694799999999999,1.1695
EUR/USD,20180601 07:49:02.561,1.16935,1.1693799999999999
EUR/USD,20180601 07:54:02.603,1.16825,1.16829
EUR/USD,20180601 07:59:02.658,1.16851,1.16855
EUR/USD,20180601 08:04:03.349,1.16936,1.16939
EUR/USD,20180601 08:09:07.002,1.1693799999999999,1.1694
EUR/USD,20180601 08:14:07.770,1.16899,1.16901
EUR/USD,20180601 08:19:08.160,1.16842,1.16846
EUR/USD,20180601 08:24:08.169,1.16893,1.1689399999999999
EUR/USD,20180601 08:29:11.911,1.16831,1.16834
EUR/USD,20180601 08:34:11.920,1.16829,1.16832
EUR/USD,20180601 08:39:12.237,1.1685,1.1685299999999998
EUR/USD,20180601 08:44:12.357,1.168,1.16802
EUR/USD,20180601 08:49:13.471,1.16838,1.16842
EUR/USD,20180601 08:54:13.869,1.16824,1.16826
EUR/USD,20180601 08:59:15.936,1.16804,1.16808
EUR/USD,20180601 09:04:19.213,1.16849,1.16851
EUR/USD,20180601 09:09:26.588,1.1682700000000001,1.16832
EUR/USD,20180601 09:14:26.655,1.16815,1.16819
EUR/USD,20180601 09:19:26.838,1.16865,1.16867
EUR/USD,20180601 09:24:30.776,1.16848,1.16852
EUR/USD,20180601 09:29:34.355,1.16878,1.1688100000000001
EUR/USD,20180601 09:34:34.379,1.16844,1.16846
EUR/USD,20180601 09:39:40.073,1.1685,1.1685299999999998
EUR/USD,20180601 09:44:40.557,1.16865,1.16868
EUR/USD,20180601 09:49:42.757,1.16869,1.16872
EUR/USD,20180601 09:54:44.373,1.16878,1.1688
EUR/USD,20180601 09:59:44.428,1.17078,1.1708100000000001
EUR/USD,20180601 10:04:44.458,1.1713,1.17134
EUR/USD,20180601 10:09:44.739,1.1709399999999999,1.17097
EUR/USD,20180601 10:14:45.796,1.17064,1.17067
EUR/USD,20180601 10:19:48.078,1.17069,1.1707
EUR/USD,20180601 10:24:49.203,1.1705,1.1705299999999998
EUR/USD,20180601 10:29:49.460,1.17035,1.1703700000000001
EUR/USD,20180601 10:34:49.470,1.17074,1.17078
EUR/USD,20180601 10:39:50.367,1.17101,1.1710399999999999
EUR/USD,20180601 10:44:50.553,1.17101,1.17105
EUR/USD,20180601 10:49:50.590,1.17079,1.17082
EUR/USD,20180601 10:54:56.983,1.17108,1.17113
EUR/USD,20180601 10:59:58.261,1.1709100000000001,1.17095
EUR/USD,20180601 11:04:59.026,1.1708100000000001,1.1708399999999999
EUR/USD,20180601 11:10:00.730,1.17042,1.17046
EUR/USD,20180601 11:15:02.043,1.1703700000000001,1.1704
EUR/USD,20180601 11:20:03.465,1.17059,1.17062
EUR/USD,20180601 11:25:07.738,1.1709100000000001,1.17095
EUR/USD,20180601 11:30:07.757,1.16985,1.1698899999999999
EUR/USD,20180601 11:35:09.201,1.16964,1.1696600000000001
EUR/USD,20180601 11:40:09.373,1.1693799999999999,1.1694
EUR/USD,20180601 11:45:13.323,1.16897,1.169
EUR/USD,20180601 11:50:13.828,1.1688399999999999,1.16888
EUR/USD,20180601 11:55:13.856,1.1676799999999998,1.16771
EUR/USD,20180601 12:00:14.198,1.1676799999999998,1.16772
EUR/USD,20180601 12:05:14.336,1.16746,1.16749
EUR/USD,20180601 12:10:14.857,1.1675799999999998,1.16762
EUR/USD,20180601 12:15:15.752,1.16683,1.16685
EUR/USD,20180601 12:20:16.247,1.1667100000000001,1.1667399999999999
EUR/USD,20180601 12:25:16.385,1.16682,1.16685
EUR/USD,20180601 12:30:16.642,1.1657,1.1659
EUR/USD,20180601 12:35:16.658,1.16714,1.16717
EUR/USD,20180601 12:40:16.896,1.16848,1.16852
EUR/USD,20180601 12:45:17.014,1.1679,1.16793
EUR/USD,20180601 12:50:17.063,1.1667,1.1667399999999999
EUR/USD,20180601 12:55:17.111,1.16688,1.1669
EUR/USD,20180601 13:00:17.123,1.16609,1.1661299999999999
EUR/USD,20180601 13:05:18.716,1.16665,1.16668
EUR/USD,20180601 13:10:18.782,1.16724,1.1672799999999999
EUR/USD,20180601 13:15:18.800,1.16743,1.16746
EUR/USD,20180601 13:20:18.953,1.1677899999999999,1.16781
EUR/USD,20180601 13:25:20.067,1.1672,1.16723
EUR/USD,20180601 13:30:21.280,1.16806,1.1681
EUR/USD,20180601 13:35:21.575,1.1678600000000001,1.1678899999999999
EUR/USD,20180601 13:40:21.780,1.1677,1.16773
EUR/USD,20180601 13:45:22.701,1.16792,1.16796
EUR/USD,20180601 13:50:23.072,1.16741,1.16745
EUR/USD,20180601 13:55:27.885,1.16746,1.1675
EUR/USD,20180601 14:00:28.023,1.1669,1.16693
EUR/USD,20180601 14:05:29.920,1.16777,1.1677899999999999
EUR/USD,20180601 14:10:30.403,1.1663,1.1663299999999999
EUR/USD,20180601 14:15:30.440,1.16291,1.16296
EUR/USD,20180601 14:20:30.529,1.16527,1.16529
EUR/USD,20180601 14:25:30.672,1.16572,1.16575
EUR/USD,20180601 14:30:31.629,1.16587,1.16591
EUR/USD,20180601 14:35:31.777,1.16565,1.16569
EUR/USD,20180601 14:40:32.798,1.16554,1.16557
EUR/USD,20180601 14:45:32.817,1.16483,1.16486
EUR/USD,20180601 14:50:32.940,1.16563,1.1656799999999998
EUR/USD,20180601 14:55:32.965,1.16595,1.1659899999999999
EUR/USD,20180601 15:00:33.794,1.16632,1.16635
EUR/USD,20180601 15:05:34.976,1.16645,1.16646
EUR/USD,20180601 15:10:36.046,1.1665,1.1665299999999998
EUR/USD,20180601 15:15:36.103,1.1677,1.16774
EUR/USD,20180601 15:20:37.536,1.16693,1.16695
EUR/USD,20180601 15:25:37.536,1.16709,1.16713
EUR/USD,20180601 15:30:38.646,1.1671200000000002,1.16713
EUR/USD,20180601 15:35:38.737,1.16711,1.16715
EUR/USD,20180601 15:40:40.865,1.16726,1.16729
EUR/USD,20180601 15:45:41.824,1.16717,1.16721
EUR/USD,20180601 15:50:43.716,1.16777,1.1678
EUR/USD,20180601 15:55:46.709,1.1676799999999998,1.16769
EUR/USD,20180601 16:00:46.827,1.16788,1.1678899999999999
EUR/USD,20180601 16:05:46.843,1.1677600000000001,1.1677899999999999
EUR/USD,20180601 16:10:51.732,1.16731,1.16734
EUR/USD,20180601 16:15:56.312,1.16713,1.16717
EUR/USD,20180601 16:20:58.106,1.16721,1.16724
EUR/USD,20180601 16:25:59.906,1.16707,1.16711
EUR/USD,20180601 16:31:02.656,1.16727,1.16733
EUR/USD,20180601 16:36:04.133,1.16725,1.16729
EUR/USD,20180601 16:41:09.454,1.16685,1.1669
EUR/USD,20180601 16:46:13.539,1.1664700000000001,1.1665
EUR/USD,20180601 16:51:23.262,1.1663,1.16636
EUR/USD,20180601 16:56:29.179,1.16634,1.1663700000000001
EUR/USD,20180601 17:01:31.343,1.1665299999999998,1.16656
EUR/USD,20180601 17:06:31.519,1.1668399999999999,1.16687
EUR/USD,20180601 17:11:35.480,1.16678,1.1668100000000001
EUR/USD,20180601 17:16:41.176,1.16658,1.16662
EUR/USD,20180601 17:21:47.338,1.1666100000000001,1.1666100000000001
EUR/USD,20180601 17:26:55.068,1.1666,1.16665
EUR/USD,20180601 17:31:55.725,1.16632,1.16635
EUR/USD,20180601 17:37:00.825,1.1664700000000001,1.16649
EUR/USD,20180601 17:42:10.992,1.1666,1.16666
EUR/USD,20180601 17:47:14.040,1.16648,1.16651
EUR/USD,20180601 17:52:17.741,1.16603,1.16609
EUR/USD,20180601 17:57:20.160,1.16564,1.1656799999999998
EUR/USD,20180601 18:02:23.952,1.1659899999999999,1.16603
EUR/USD,20180601 18:07:28.471,1.16573,1.1657600000000001
EUR/USD,20180601 18:12:29.173,1.1657899999999999,1.16582
EUR/USD,20180601 18:17:34.655,1.16612,1.16616
EUR/USD,20180601 18:22:34.830,1.16606,1.16606
EUR/USD,20180601 18:27:39.189,1.16593,1.1659899999999999
EUR/USD,20180601 18:32:40.394,1.16609,1.16612
EUR/USD,20180601 18:37:43.650,1.1658899999999999,1.16592
EUR/USD,20180601 18:42:46.484,1.16612,1.16616
EUR/USD,20180601 18:47:48.257,1.16619,1.16621
EUR/USD,20180601 18:52:51.709,1.1662,1.16624
EUR/USD,20180601 18:57:53.475,1.1661700000000002,1.16619
EUR/USD,20180601 19:02:55.954,1.1661299999999999,1.1661700000000002
EUR/USD,20180601 19:07:57.159,1.16593,1.1659700000000002
EUR/USD,20180601 19:12:57.265,1.1659,1.16594
EUR/USD,20180601 19:17:58.957,1.16601,1.16604
EUR/USD,20180601 19:22:59.875,1.16604,1.16608
EUR/USD,20180601 19:28:00.149,1.16595,1.16598
EUR/USD,20180601 19:33:00.490,1.16605,1.16609
EUR/USD,20180601 19:38:02.962,1.16584,1.16587
EUR/USD,20180601 19:43:04.325,1.16574,1.1657799999999998
EUR/USD,20180601 19:48:06.474,1.1657,1.16573
EUR/USD,20180601 19:53:07.138,1.16565,1.16567
EUR/USD,20180601 19:58:09.069,1.1653799999999999,1.1654200000000001
EUR/USD,20180601 20:03:12.505,1.16572,1.16577
EUR/USD,20180601 20:08:36.407,1.16587,1.1659
EUR/USD,20180601 20:13:37.398,1.16569,1.16574
EUR/USD,20180601 20:18:38.488,1.1656600000000001,1.1657
EUR/USD,20180601 20:23:50.665,1.16557,1.16563
EUR/USD,20180601 20:28:51.099,1.1657,1.16574
EUR/USD,20180601 20:33:56.627,1.16591,1.16595
EUR/USD,20180601 20:39:01.566,1.16648,1.16654
EUR/USD,20180601 20:44:03.246,1.16621,1.1662299999999999
EUR/USD,20180601 20:49:07.228,1.1661700000000002,1.16628
EUR/USD,20180601 20:54:09.332,1.16611,1.1661700000000002
EUR/USD,20180601 20:59:10.088,1.16581,1.1659700000000002
EUR/USD,20180603 21:04:46.050,1.1656,1.16651
EUR/USD,20180603 21:09:46.115,1.1659899999999999,1.1664700000000001
EUR/USD,20180603 21:14:46.925,1.16616,1.16655
EUR/USD,20180603 21:19:51.211,1.16631,1.1666100000000001
EUR/USD,20180603 21:25:03.392,1.16649,1.16693
EUR/USD,20180603 21:30:10.723,1.1667399999999999,1.1668
EUR/USD,20180603 21:35:11.927,1.16626,1.16676
EUR/USD,20180603 21:40:19.119,1.16626,1.1668
EUR/USD,20180603 21:45:29.202,1.1662,1.16686
EUR/USD,20180603 21:50:57.565,1.1662700000000001,1.1668
EUR/USD,20180603 21:56:07.298,1.16629,1.16677
EUR/USD,20180603 22:01:07.327,1.16624,1.16635
EUR/USD,20180603 22:06:18.947,1.16629,1.16638
EUR/USD,20180603 22:11:26.084,1.1662700000000001,1.16638
EUR/USD,20180603 22:16:34.237,1.16619,1.16625
EUR/USD,20180603 22:21:34.648,1.16628,1.1663299999999999
EUR/USD,20180603 22:26:37.334,1.16624,1.1663299999999999
EUR/USD,20180603 22:31:46.791,1.16628,1.16632
EUR/USD,20180603 22:36:51.271,1.16628,1.1663299999999999
EUR/USD,20180603 22:41:57.720,1.16622,1.1662700000000001
EUR/USD,20180603 22:47:09.582,1.16612,1.16621
EUR/USD,20180603 22:52:20.369,1.16614,1.16628
EUR/USD,20180603 22:57:23.941,1.1661700000000002,1.1662700000000001
EUR/USD,20180603 23:02:27.371,1.16642,1.16646
EUR/USD,20180603 23:07:28.804,1.1665299999999998,1.16658
EUR/USD,20180603 23:12:30.909,1.16651,1.16658
EUR/USD,20180603 23:17:37.273,1.16648,1.16651
EUR/USD,20180603 23:22:42.002,1.16642,1.1664700000000001
EUR/USD,20180603 23:27:45.890,1.16646,1.16651
EUR/USD,20180603 23:32:49.492,1.16634,1.1663700000000001
EUR/USD,20180603 23:37:56.594,1.16652,1.16655
EUR/USD,20180603 23:42:56.595,1.16638,1.16642
EUR/USD,20180603 23:48:05.056,1.16658,1.1666100000000001
EUR/USD,20180603 23:53:05.623,1.16646,1.16651
EUR/USD,20180603 23:58:06.010,1.16675,1.1668
EUR/USD,20180604 00:03:06.201,1.16726,1.16727
EUR/USD,20180604 00:08:06.801,1.16721,1.16725
EUR/USD,20180604 00:13:07.249,1.1676,1.16764
EUR/USD,20180604 00:18:07.335,1.16781,1.16784
EUR/USD,20180604 00:23:14.717,1.16765,1.1677
EUR/USD,20180604 00:28:17.666,1.16762,1.16765
EUR/USD,20180604 00:33:18.355,1.16755,1.16759
EUR/USD,20180604 00:38:27.720,1.16771,1.1677600000000001
EUR/USD,20180604 00:43:30.186,1.1678,1.16783
EUR/USD,20180604 00:48:31.187,1.1676600000000001,1.16771
EUR/USD,20180604 00:53:31.194,1.16755,1.16759
EUR/USD,20180604 00:58:31.413,1.16725,1.16729
EUR/USD,20180604 01:03:31.491,1.1673799999999999,1.1674200000000001
EUR/USD,20180604 01:08:31.957,1.16741,1.16746
EUR/USD,20180604 01:13:34.672,1.16743,1.16746
EUR/USD,20180604 01:18:48.481,1.16736,1.16741
EUR/USD,20180604 01:23:55.293,1.1674,1.16746
EUR/USD,20180604 01:28:56.495,1.16751,1.16756
EUR/USD,20180604 01:33:57.960,1.16794,1.16798
EUR/USD,20180604 01:38:57.975,1.16869,1.1687100000000001
EUR/USD,20180604 01:44:00.987,1.1686,1.1686299999999998
EUR/USD,20180604 01:49:01.232,1.1688100000000001,1.16883
EUR/USD,20180604 01:54:01.680,1.1688100000000001,1.1688399999999999
EUR/USD,20180604 01:59:02.112,1.1688100000000001,1.16883
EUR/USD,20180604 02:04:03.507,1.1688100000000001,1.16885
EUR/USD,20180604 02:09:12.785,1.169,1.16905
EUR/USD,20180604 02:14:14.234,1.16885,1.16887
EUR/USD,20180604 02:19:14.239,1.16859,1.16861
EUR/USD,20180604 02:24:20.080,1.16858,1.1686299999999998
EUR/USD,20180604 02:29:22.850,1.1686,1.16864
EUR/USD,20180604 02:34:22.919,1.16866,1.16869
EUR/USD,20180604 02:39:23.652,1.1686299999999998,1.16865
EUR/USD,20180604 02:44:31.003,1.16864,1.16869
EUR/USD,20180604 02:49:33.348,1.1686,1.1686299999999998
EUR/USD,20180604 02:54:39.323,1.16864,1.16867
EUR/USD,20180604 02:59:42.277,1.16867,1.1687100000000001
EUR/USD,20180604 03:04:42.515,1.16896,1.16899
EUR/USD,20180604 03:09:48.887,1.1688100000000001,1.16886
EUR/USD,20180604 03:14:50.962,1.1692,1.1692200000000001
EUR/USD,20180604 03:19:52.971,1.1692200000000001,1.16926
EUR/USD,20180604 03:24:54.758,1.16943,1.16945
EUR/USD,20180604 03:29:54.983,1.1695200000000001,1.16955
EUR/USD,20180604 03:35:00.392,1.16957,1.16961
EUR/USD,20180604 03:40:00.472,1.1693,1.16933
EUR/USD,20180604 03:45:00.634,1.16921,1.16921
EUR/USD,20180604 03:50:00.707,1.16919,1.16923
EUR/USD,20180604 03:55:01.970,1.1694200000000001,1.16945
EUR/USD,20180604 04:00:02.004,1.1694799999999999,1.1695
EUR/USD,20180604 04:05:02.392,1.1693799999999999,1.1694
EUR/USD,20180604 04:10:04.394,1.16936,1.1694
EUR/USD,20180604 04:15:05.232,1.16941,1.16946
EUR/USD,20180604 04:20:15.204,1.1693200000000001,1.16935
EUR/USD,20180604 04:25:15.716,1.16935,1.1693799999999999
EUR/USD,20180604 04:30:18.659,1.16939,1.16941
EUR/USD,20180604 04:35:20.171,1.16931,1.16931
EUR/USD,20180604 04:40:29.909,1.1692799999999999,1.16931
EUR/USD,20180604 04:45:32.485,1.16911,1.16911
EUR/USD,20180604 04:50:34.469,1.16903,1.16907
EUR/USD,20180604 04:55:36.555,1.16907,1.16913
EUR/USD,20180604 05:00:39.830,1.16905,1.16907
EUR/USD,20180604 05:05:53.808,1.16897,1.1690200000000002
EUR/USD,20180604 05:10:56.142,1.1689,1.1689399999999999
EUR/USD,20180604 05:16:02.375,1.16893,1.16895
EUR/USD,20180604 05:21:07.952,1.1689200000000002,1.1689399999999999
EUR/USD,20180604 05:26:09.196,1.1693,1.16931
EUR/USD,20180604 05:31:26.254,1.16951,1.16953
EUR/USD,20180604 05:36:33.727,1.1695,1.1695200000000001
EUR/USD,20180604 05:41:39.063,1.16937,1.1694200000000001
EUR/USD,20180604 05:46:39.108,1.16936,1.1694
EUR/USD,20180604 05:51:42.277,1.16961,1.16967
EUR/USD,20180604 05:56:43.139,1.1695,1.1695200000000001
EUR/USD,20180604 06:01:43.289,1.16879,1.1688100000000001
EUR/USD,20180604 06:06:50.924,1.1689100000000001,1.16896
EUR/USD,20180604 06:11:51.046,1.16851,1.16855
EUR/USD,20180604 06:16:51.273,1.16846,1.16849
EUR/USD,20180604 06:21:52.192,1.16856,1.1686
EUR/USD,20180604 06:26:52.260,1.16895,1.16898
EUR/USD,20180604 06:31:53.796,1.1688100000000001,1.1688399999999999
EUR/USD,20180604 06:36:54.141,1.16811,1.16815
EUR/USD,20180604 06:41:55.117,1.1679700000000002,1.168
EUR/USD,20180604 06:46:57.607,1.16822,1.16826
EUR/USD,20180604 06:51:58.858,1.16861,1.16865
EUR/USD,20180604 06:56:59.688,1.16856,1.16859
EUR/USD,20180604 07:02:00.556,1.168,1.16803
EUR/USD,20180604 07:07:01.675,1.16816,1.16819
EUR/USD,20180604 07:12:01.745,1.16897,1.16901
EUR/USD,20180604 07:17:03.272,1.1694,1.1694200000000001
EUR/USD,20180604 07:22:03.625,1.1708100000000001,1.1708399999999999
EUR/USD,20180604 07:27:03.999,1.17134,1.1713799999999999
EUR/USD,20180604 07:32:05.302,1.17126,1.17129
EUR/USD,20180604 07:37:05.444,1.17062,1.17064
EUR/USD,20180604 07:42:05.580,1.17061,1.17064
EUR/USD,20180604 07:47:05.661,1.17012,1.17015
EUR/USD,20180604 07:52:05.689,1.17031,1.17035
EUR/USD,20180604 07:57:09.972,1.16972,1.1697600000000001
EUR/USD,20180604 08:02:11.137,1.1692,1.16923
EUR/USD,20180604 08:07:11.182,1.1691799999999999,1.1692200000000001
EUR/USD,20180604 08:12:11.714,1.16867,1.1687100000000001
EUR/USD,20180604 08:17:12.184,1.16906,1.16906
EUR/USD,20180604 08:22:12.368,1.16955,1.1695799999999998
EUR/USD,20180604 08:27:12.388,1.17042,1.17045
EUR/USD,20180604 08:32:12.811,1.1708399999999999,1.17086
EUR/USD,20180604 08:37:14.142,1.1709200000000002,1.17095
EUR/USD,20180604 08:42:14.500,1.17126,1.1713
EUR/USD,20180604 08:47:15.333,1.1710200000000002,1.1710399999999999
EUR/USD,20180604 08:52:17.293,1.1708399999999999,1.17087
EUR/USD,20180604 08:57:22.061,1.17067,1.1707100000000001
EUR/USD,20180604 09:02:22.129,1.17173,1.17175
EUR/USD,20180604 09:07:22.291,1.1720700000000002,1.1721
EUR/USD,20180604 09:12:24.658,1.1721700000000002,1.17219
EUR/USD,20180604 09:17:24.790,1.17192,1.17195
EUR/USD,20180604 09:22:25.074,1.1722299999999999,1.1722700000000001
EUR/USD,20180604 09:27:28.764,1.17317,1.1732
EUR/USD,20180604 09:32:31.256,1.17277,1.1728
EUR/USD,20180604 09:37:33.483,1.17311,1.17313
EUR/USD,20180604 09:42:33.861,1.17258,1.17261
EUR/USD,20180604 09:47:35.126,1.1725,1.17252
EUR/USD,20180604 09:52:38.490,1.17285,1.17289
EUR/USD,20180604 09:57:39.015,1.17244,1.17245
EUR/USD,20180604 10:02:39.720,1.17344,1.1734799999999999
EUR/USD,20180604 10:07:41.908,1.17309,1.17311
EUR/USD,20180604 10:12:43.171,1.173,1.17303
EUR/USD,20180604 10:17:45.306,1.17269,1.1727100000000001
EUR/USD,20180604 10:22:46.307,1.1727100000000001,1.17274
EUR/USD,20180604 10:27:48.344,1.17303,1.17305
EUR/USD,20180604 10:32:48.904,1.17256,1.1726
EUR/USD,20180604 10:37:48.997,1.17246,1.1725
EUR/USD,20180604 10:42:50.624,1.17218,1.17221
EUR/USD,20180604 10:47:53.623,1.17232,1.17235
EUR/USD,20180604 10:52:53.742,1.17268,1.1727100000000001
EUR/USD,20180604 10:57:53.947,1.17212,1.17214
EUR/USD,20180604 11:02:54.341,1.17228,1.17231
EUR/USD,20180604 11:07:54.928,1.17232,1.17236
EUR/USD,20180604 11:12:55.012,1.17239,1.17242
EUR/USD,20180604 11:17:55.197,1.1728299999999998,1.17287
EUR/USD,20180604 11:23:00.554,1.1727100000000001,1.17275
EUR/USD,20180604 11:28:02.243,1.1728299999999998,1.17285
EUR/USD,20180604 11:33:02.704,1.17268,1.1727100000000001
EUR/USD,20180604 11:38:03.412,1.17301,1.17305
EUR/USD,20180604 11:43:06.253,1.17292,1.1729399999999999
EUR/USD,20180604 11:48:08.283,1.17246,1.17248
EUR/USD,20180604 11:53:09.239,1.1733,1.1733200000000001
EUR/USD,20180604 11:58:09.252,1.17346,1.17346
EUR/USD,20180604 12:03:09.323,1.17431,1.1743299999999999
EUR/USD,20180604 12:08:12.885,1.17403,1.17405
EUR/USD,20180604 12:13:13.483,1.17365,1.17369
EUR/USD,20180604 12:18:15.212,1.17356,1.17359
EUR/USD,20180604 12:23:15.290,1.1733,1.17333
EUR/USD,20180604 12:28:15.437,1.17272,1.17276
EUR/USD,20180604 12:33:16.110,1.17254,1.1725700000000001
EUR/USD,20180604 12:38:16.148,1.17244,1.17245
EUR/USD,20180604 12:43:20.012,1.1723700000000001,1.1724
EUR/USD,20180604 12:48:20.879,1.17211,1.17214
EUR/USD,20180604 12:53:21.031,1.17212,1.17214
EUR/USD,20180604 12:58:21.981,1.17184,1.17187
EUR/USD,20180604 13:03:22.064,1.1717799999999998,1.17181
EUR/USD,20180604 13:08:22.995,1.17175,1.1717899999999999
EUR/USD,20180604 13:13:25.114,1.1722,1.17225
EUR/USD,20180604 13:18:26.354,1.1715,1.17153
EUR/USD,20180604 13:23:30.716,1.17127,1.1713
EUR/USD,20180604 13:28:31.574,1.17111,1.17114
EUR/USD,20180604 13:33:31.712,1.17135,1.17137
EUR/USD,20180604 13:38:32.094,1.17077,1.1708100000000001
EUR/USD,20180604 13:43:32.700,1.17097,1.17101
EUR/USD,20180604 13:48:34.205,1.17123,1.17126
EUR/USD,20180604 13:53:34.711,1.1717600000000001,1.1717899999999999
EUR/USD,20180604 13:58:34.768,1.17181,1.17183
EUR/USD,20180604 14:03:35.987,1.17185,1.17187
EUR/USD,20180604 14:08:37.503,1.17202,1.17204
EUR/USD,20180604 14:13:39.608,1.1718899999999999,1.17191
EUR/USD,20180604 14:18:40.100,1.17225,1.17228
EUR/USD,20180604 14:23:40.480,1.17206,1.17208
EUR/USD,20180604 14:28:40.831,1.17124,1.17126
EUR/USD,20180604 14:33:40.929,1.17041,1.1704299999999999
EUR/USD,20180604 14:38:41.090,1.17049,1.1705
EUR/USD,20180604 14:43:41.505,1.16998,1.17001
EUR/USD,20180604 14:48:41.627,1.17008,1.17011
EUR/USD,20180604 14:53:42.513,1.16995,1.16998
EUR/USD,20180604 14:58:43.685,1.16937,1.1694
EUR/USD,20180604 15:03:43.904,1.16991,1.16994
EUR/USD,20180604 15:08:44.530,1.16981,1.16984
EUR/USD,20180604 15:13:45.164,1.16926,1.1693
EUR/USD,20180604 15:18:45.270,1.16933,1.16935
EUR/USD,20180604 15:23:45.443,1.16867,1.1687
EUR/USD,20180604 15:28:46.930,1.16899,1.16901
EUR/USD,20180604 15:33:47.106,1.16877,1.16877
EUR/USD,20180604 15:38:47.132,1.16787,1.1678899999999999
EUR/USD,20180604 15:43:47.256,1.16865,1.16867
EUR/USD,20180604 15:48:47.351,1.1692,1.1692200000000001
EUR/USD,20180604 15:53:50.274,1.1693200000000001,1.16934
EUR/USD,20180604 15:58:51.908,1.1695799999999998,1.16962
EUR/USD,20180604 16:03:52.497,1.1694,1.1694200000000001
EUR/USD,20180604 16:08:52.592,1.1689,1.16893
EUR/USD,20180604 16:13:52.729,1.16879,1.16882
EUR/USD,20180604 16:18:54.749,1.16901,1.16906
EUR/USD,20180604 16:23:54.842,1.1690200000000002,1.1690399999999999
EUR/USD,20180604 16:28:54.954,1.1688,1.16882
EUR/USD,20180604 16:33:57.863,1.16857,1.1686299999999998
EUR/USD,20180604 16:38:59.285,1.1685299999999998,1.16854
EUR/USD,20180604 16:44:02.315,1.1689,1.1689200000000002
EUR/USD,20180604 16:49:02.322,1.16883,1.16883
EUR/USD,20180604 16:54:02.668,1.16903,1.16907
EUR/USD,20180604 16:59:04.850,1.16874,1.16876
EUR/USD,20180604 17:04:05.167,1.16889,1.16893
EUR/USD,20180604 17:09:07.872,1.1688399999999999,1.16888
EUR/USD,20180604 17:14:11.518,1.16911,1.16914
EUR/USD,20180604 17:19:12.764,1.1692200000000001,1.16927
EUR/USD,20180604 17:24:13.077,1.16939,1.1694200000000001
EUR/USD,20180604 17:29:14.956,1.1693799999999999,1.16941
EUR/USD,20180604 17:34:15.603,1.16905,1.16909
EUR/USD,20180604 17:39:15.634,1.16917,1.1692
EUR/USD,20180604 17:44:17.605,1.16906,1.1691
EUR/USD,20180604 17:49:18.225,1.1694200000000001,1.16946
EUR/USD,20180604 17:54:20.596,1.16939,1.16941
EUR/USD,20180604 17:59:25.173,1.16969,1.16972
EUR/USD,20180604 18:04:26.438,1.16983,1.1698600000000001
EUR/USD,20180604 18:09:28.977,1.16975,1.1697799999999998
EUR/USD,20180604 18:14:30.020,1.1697,1.16973
EUR/USD,20180604 18:19:34.647,1.16972,1.16975
EUR/USD,20180604 18:24:39.352,1.16959,1.16962
EUR/USD,20180604 18:29:40.484,1.1695799999999998,1.16961
EUR/USD,20180604 18:34:40.532,1.16939,1.16941
EUR/USD,20180604 18:39:44.431,1.16977,1.1698
EUR/USD,20180604 18:44:46.374,1.16981,1.16985
EUR/USD,20180604 18:49:49.964,1.17001,1.17005
EUR/USD,20180604 18:54:50.973,1.1698600000000001,1.16992
EUR/USD,20180604 18:59:50.999,1.16983,1.1698600000000001
EUR/USD,20180604 19:04:53.424,1.16965,1.16969
EUR/USD,20180604 19:09:54.659,1.16961,1.16964
EUR/USD,20180604 19:15:07.147,1.16954,1.16955
EUR/USD,20180604 19:20:10.246,1.16972,1.16974
EUR/USD,20180604 19:25:17.363,1.16959,1.16963
EUR/USD,20180604 19:30:28.491,1.16969,1.16973
EUR/USD,20180604 19:35:29.942,1.16951,1.16955
EUR/USD,20180604 19:40:31.753,1.16953,1.16956
EUR/USD,20180604 19:45:37.069,1.16949,1.16953
EUR/USD,20180604 19:50:37.339,1.1695200000000001,1.16956
EUR/USD,20180604 19:55:40.327,1.16964,1.16965
EUR/USD,20180604 20:00:41.167,1.1695,1.16954
EUR/USD,20180604 20:05:41.757,1.16963,1.16967
EUR/USD,20180604 20:10:43.447,1.1695799999999998,1.16964
EUR/USD,20180604 20:15:58.398,1.16961,1.1696600000000001
EUR/USD,20180604 20:21:11.988,1.16953,1.16957
EUR/USD,20180604 20:26:27.168,1.1693799999999999,1.16943
EUR/USD,20180604 20:31:27.757,1.16959,1.16963
EUR/USD,20180604 20:36:31.949,1.16962,1.16965
EUR/USD,20180604 20:41:41.563,1.16962,1.16967
EUR/USD,20180604 20:46:52.140,1.16969,1.16974
EUR/USD,20180604 20:51:53.353,1.1695799999999998,1.16962
EUR/USD,20180604 20:56:57.489,1.16951,1.16957
EUR/USD,20180604 21:01:57.508,1.16907,1.16974
EUR/USD,20180604 21:06:59.015,1.16983,1.16998
EUR/USD,20180604 21:12:05.785,1.16973,1.16985
EUR/USD,20180604 21:17:06.588,1.16959,1.16977
EUR/USD,20180604 21:22:12.650,1.1697600000000001,1.16987
EUR/USD,20180604 21:27:13.663,1.1697600000000001,1.16985
EUR/USD,20180604 21:32:16.199,1.16977,1.16987
EUR/USD,20180604 21:37:16.328,1.1697899999999999,1.16988
EUR/USD,20180604 21:42:24.847,1.16969,1.1697600000000001
EUR/USD,20180604 21:47:26.997,1.1696799999999998,1.1698
EUR/USD,20180604 21:52:28.698,1.16965,1.16987
EUR/USD,20180604 21:58:06.544,1.16969,1.16977
EUR/USD,20180604 22:03:27.615,1.16964,1.16972
EUR/USD,20180604 22:08:27.641,1.1697,1.16975
EUR/USD,20180604 22:13:48.073,1.16961,1.1696799999999998
EUR/USD,20180604 22:18:53.390,1.1697899999999999,1.16983
EUR/USD,20180604 22:23:59.160,1.1698,1.1698600000000001
EUR/USD,20180604 22:29:02.002,1.1697899999999999,1.1698600000000001
EUR/USD,20180604 22:34:02.183,1.16977,1.16982
EUR/USD,20180604 22:39:13.089,1.16985,1.1699
EUR/USD,20180604 22:44:16.505,1.16983,1.1698600000000001
EUR/USD,20180604 22:49:33.104,1.1698,1.16985
EUR/USD,20180604 22:54:37.226,1.16994,1.17
EUR/USD,20180604 22:59:43.534,1.16992,1.1699700000000002
EUR/USD,20180604 23:04:48.168,1.16974,1.16977
EUR/USD,20180604 23:09:53.524,1.16963,1.16971
EUR/USD,20180604 23:14:57.223,1.16964,1.1696799999999998
EUR/USD,20180604 23:20:11.166,1.1698,1.16985
EUR/USD,20180604 23:25:13.184,1.16974,1.1697799999999998
EUR/USD,20180604 23:30:15.165,1.1698600000000001,1.1698899999999999
EUR/USD,20180604 23:35:17.139,1.16971,1.16974
EUR/USD,20180604 23:40:20.926,1.16964,1.1696799999999998
EUR/USD,20180604 23:45:26.236,1.16967,1.1697
EUR/USD,20180604 23:50:26.642,1.1698899999999999,1.16994
EUR/USD,20180604 23:56:05.614,1.16996,1.17001
EUR/USD,20180605 00:01:07.827,1.17024,1.17026
EUR/USD,20180605 00:06:10.315,1.1701,1.17015
EUR/USD,20180605 00:11:11.445,1.17011,1.17016
EUR/USD,20180605 00:16:11.648,1.1702700000000001,1.1703
EUR/USD,20180605 00:21:17.451,1.17008,1.17011
EUR/USD,20180605 00:26:21.658,1.1698899999999999,1.16991
EUR/USD,20180605 00:31:24.291,1.16981,1.16983
EUR/USD,20180605 00:36:25.233,1.16995,1.16998
EUR/USD,20180605 00:41:26.861,1.17001,1.17003
EUR/USD,20180605 00:46:28.530,1.16995,1.16998
EUR/USD,20180605 00:51:28.800,1.16946,1.1695
EUR/USD,20180605 00:56:36.229,1.16954,1.16956
EUR/USD,20180605 01:01:37.916,1.16929,1.1693200000000001
EUR/USD,20180605 01:06:38.521,1.16951,1.16954
EUR/USD,20180605 01:11:39.525,1.16925,1.1692799999999999
EUR/USD,20180605 01:16:40.324,1.16919,1.1692200000000001
EUR/USD,20180605 01:21:41.680,1.1690200000000002,1.16906
EUR/USD,20180605 01:26:42.069,1.16921,1.16924
EUR/USD,20180605 01:31:42.742,1.16919,1.16921
EUR/USD,20180605 01:36:48.767,1.16941,1.16945
EUR/USD,20180605 01:41:51.261,1.16961,1.16965
EUR/USD,20180605 01:46:51.957,1.1696,1.16963
EUR/USD,20180605 01:51:54.756,1.1695799999999998,1.16961
EUR/USD,20180605 01:56:57.029,1.1696,1.16965
EUR/USD,20180605 02:02:02.376,1.16936,1.1694
EUR/USD,20180605 02:07:03.310,1.1692,1.16925
EUR/USD,20180605 02:12:07.154,1.16911,1.1691200000000002
EUR/USD,20180605 02:17:09.879,1.1690200000000002,1.16905
EUR/USD,20180605 02:22:13.718,1.16905,1.16907
EUR/USD,20180605 02:27:14.375,1.16913,1.16916
EUR/USD,20180605 02:32:14.674,1.16907,1.16909
EUR/USD,20180605 02:37:14.799,1.16911,1.16916
EUR/USD,20180605 02:42:22.372,1.1689,1.1689399999999999
EUR/USD,20180605 02:47:23.197,1.16901,1.1690399999999999
EUR/USD,20180605 02:52:29.400,1.1690200000000002,1.16906
EUR/USD,20180605 02:57:30.077,1.1689100000000001,1.16893
EUR/USD,20180605 03:02:36.627,1.16911,1.16915
EUR/USD,20180605 03:08:04.628,1.16935,1.16939
EUR/USD,20180605 03:13:09.839,1.16924,1.16931
EUR/USD,20180605 03:18:11.968,1.16935,1.16936
EUR/USD,20180605 03:23:12.172,1.1694,1.16944
EUR/USD,20180605 03:28:13.176,1.16936,1.16939
EUR/USD,20180605 03:33:13.379,1.1694799999999999,1.16953
EUR/USD,20180605 03:38:14.654,1.16931,1.16935
EUR/USD,20180605 03:43:14.885,1.1691200000000002,1.16916
EUR/USD,20180605 03:48:15.167,1.1692,1.16924
EUR/USD,20180605 03:53:20.719,1.16925,1.1693
EUR/USD,20180605 03:58:23.612,1.16909,1.1691200000000002
EUR/USD,20180605 04:03:24.857,1.16906,1.16911
EUR/USD,20180605 04:08:28.120,1.16911,1.16916
EUR/USD,20180605 04:13:29.923,1.16909,1.1691200000000002
EUR/USD,20180605 04:18:31.384,1.16885,1.16887
EUR/USD,20180605 04:23:35.538,1.16909,1.1691200000000002
EUR/USD,20180605 04:28:43.557,1.16903,1.16906
EUR/USD,20180605 04:33:55.104,1.1691,1.16914
EUR/USD,20180605 04:39:00.458,1.16876,1.1688
EUR/USD,20180605 04:44:01.035,1.16865,1.16869
EUR/USD,20180605 04:49:03.359,1.16865,1.16869
EUR/USD,20180605 04:54:03.584,1.1688100000000001,1.1688399999999999
EUR/USD,20180605 04:59:05.236,1.1686,1.16864
EUR/USD,20180605 05:04:24.085,1.1688100000000001,1.16882
EUR/USD,20180605 05:09:25.343,1.16877,1.1688
EUR/USD,20180605 05:14:25.348,1.16838,1.16841
EUR/USD,20180605 05:19:26.264,1.1685,1.1685299999999998
EUR/USD,20180605 05:24:31.893,1.16856,1.16861
EUR/USD,20180605 05:29:34.365,1.1684700000000001,1.16851
EUR/USD,20180605 05:34:35.420,1.1687299999999998,1.16876
EUR/USD,20180605 05:39:37.053,1.16857,1.16862
EUR/USD,20180605 05:44:37.588,1.16858,1.16862
EUR/USD,20180605 05:49:37.945,1.16872,1.16875
EUR/USD,20180605 05:54:38.242,1.1689,1.16895
EUR/USD,20180605 05:59:38.373,1.16893,1.16896
EUR/USD,20180605 06:04:38.846,1.16862,1.16865
EUR/USD,20180605 06:09:44.083,1.16889,1.1689200000000002
EUR/USD,20180605 06:14:48.860,1.16951,1.16954
EUR/USD,20180605 06:19:49.326,1.1694,1.16943
EUR/USD,20180605 06:24:49.431,1.16935,1.16937
EUR/USD,20180605 06:29:53.972,1.16911,1.16917
EUR/USD,20180605 06:34:54.139,1.16877,1.1688
EUR/USD,20180605 06:39:54.363,1.16905,1.16907
EUR/USD,20180605 06:44:54.363,1.1690399999999999,1.16907
EUR/USD,20180605 06:49:54.528,1.1697799999999998,1.16982
EUR/USD,20180605 06:54:55.162,1.1699899999999999,1.17
EUR/USD,20180605 06:59:56.030,1.17039,1.17044
EUR/USD,20180605 07:04:56.410,1.1703700000000001,1.1704
EUR/USD,20180605 07:09:56.542,1.17058,1.17061
EUR/USD,20180605 07:14:56.635,1.1703,1.1703299999999999
EUR/USD,20180605 07:19:56.950,1.16975,1.1697899999999999
EUR/USD,20180605 07:24:57.098,1.1692799999999999,1.1693200000000001
EUR/USD,20180605 07:29:57.694,1.16896,1.16899
EUR/USD,20180605 07:34:58.165,1.16867,1.16872
EUR/USD,20180605 07:40:01.319,1.1691,1.16914
EUR/USD,20180605 07:45:02.733,1.16936,1.16939
EUR/USD,20180605 07:50:03.750,1.1695200000000001,1.16955
EUR/USD,20180605 07:55:05.300,1.17015,1.17019
EUR/USD,20180605 08:00:08.619,1.1696600000000001,1.16967
EUR/USD,20180605 08:05:09.112,1.16929,1.1693200000000001
EUR/USD,20180605 08:10:09.265,1.1707100000000001,1.17075
EUR/USD,20180605 08:15:09.498,1.1704700000000001,1.1705
EUR/USD,20180605 08:20:09.662,1.17124,1.17126
EUR/USD,20180605 08:25:10.146,1.17072,1.17076
EUR/USD,20180605 08:30:10.146,1.17157,1.17161
EUR/USD,20180605 08:35:11.734,1.17135,1.1713799999999999
EUR/USD,20180605 08:40:13.533,1.17116,1.1712
EUR/USD,20180605 08:45:14.038,1.1711200000000002,1.17115
EUR/USD,20180605 08:50:15.108,1.17057,1.1706
EUR/USD,20180605 08:55:17.454,1.1707,1.17072
EUR/USD,20180605 09:00:17.508,1.1704700000000001,1.1705
EUR/USD,20180605 09:05:17.729,1.17006,1.17009
EUR/USD,20180605 09:10:18.646,1.1701700000000002,1.17019
EUR/USD,20180605 09:15:19.879,1.1697,1.16973
EUR/USD,20180605 09:20:19.899,1.1694200000000001,1.16945
EUR/USD,20180605 09:25:20.528,1.16944,1.16946
EUR/USD,20180605 09:30:20.981,1.16936,1.16939
EUR/USD,20180605 09:35:21.319,1.16973,1.16975
EUR/USD,20180605 09:40:24.949,1.16963,1.16964
EUR/USD,20180605 09:45:24.990,1.1695200000000001,1.16955
EUR/USD,20180605 09:50:25.063,1.16991,1.16994
EUR/USD,20180605 09:55:25.186,1.17024,1.17028
EUR/USD,20180605 10:00:25.429,1.17025,1.17028
EUR/USD,20180605 10:05:25.581,1.16962,1.1696600000000001
EUR/USD,20180605 10:10:25.838,1.16931,1.16934
EUR/USD,20180605 10:15:26.270,1.16917,1.16919
EUR/USD,20180605 10:20:26.361,1.16937,1.1694
EUR/USD,20180605 10:25:27.365,1.1694200000000001,1.16945
EUR/USD,20180605 10:30:28.187,1.16921,1.16925
EUR/USD,20180605 10:35:30.070,1.16896,1.16899
EUR/USD,20180605 10:40:30.258,1.1691799999999999,1.1692
EUR/USD,20180605 10:45:34.147,1.16941,1.16946
EUR/USD,20180605 10:50:38.380,1.16944,1.16946
EUR/USD,20180605 10:55:38.995,1.16864,1.16867
EUR/USD,20180605 11:00:40.036,1.16783,1.1678600000000001
EUR/USD,20180605 11:05:41.567,1.16839,1.16842
EUR/USD,20180605 11:10:45.760,1.16831,1.16838
EUR/USD,20180605 11:15:48.995,1.16838,1.16842
EUR/USD,20180605 11:20:49.256,1.16805,1.16808
EUR/USD,20180605 11:25:49.422,1.16813,1.1681700000000002
EUR/USD,20180605 11:30:53.726,1.16813,1.16818
EUR/USD,20180605 11:35:54.235,1.1682299999999999,1.16826
EUR/USD,20180605 11:40:56.520,1.16846,1.16848
EUR/USD,20180605 11:45:56.718,1.16821,1.16822
EUR/USD,20180605 11:50:57.079,1.1676799999999998,1.1677
EUR/USD,20180605 11:55:58.453,1.1682,1.1682299999999999
EUR/USD,20180605 12:00:58.728,1.168,1.16803
EUR/USD,20180605 12:05:59.733,1.16859,1.16862
EUR/USD,20180605 12:11:00.540,1.1674200000000001,1.16746
EUR/USD,20180605 12:16:01.023,1.16707,1.16711
EUR/USD,20180605 12:21:01.231,1.16669,1.1667100000000001
EUR/USD,20180605 12:26:03.146,1.1666,1.1666299999999998
EUR/USD,20180605 12:31:03.863,1.16666,1.16667
EUR/USD,20180605 12:36:04.670,1.16699,1.16701
EUR/USD,20180605 12:41:04.947,1.16713,1.16716
EUR/USD,20180605 12:46:05.000,1.16725,1.16727
EUR/USD,20180605 12:51:05.097,1.1671,1.16714
EUR/USD,20180605 12:56:07.241,1.16698,1.16699
EUR/USD,20180605 13:01:09.188,1.16651,1.16654
EUR/USD,20180605 13:06:10.165,1.16635,1.16638
EUR/USD,20180605 13:11:13.058,1.16677,1.1668100000000001
EUR/USD,20180605 13:16:16.666,1.16714,1.16717
EUR/USD,20180605 13:21:16.918,1.16721,1.16723
EUR/USD,20180605 13:26:18.823,1.1671200000000002,1.16716
EUR/USD,20180605 13:31:20.091,1.1673200000000001,1.16735
EUR/USD,20180605 13:36:24.663,1.16696,1.16698
EUR/USD,20180605 13:41:24.671,1.16711,1.16715
EUR/USD,20180605 13:46:25.045,1.16685,1.16687
EUR/USD,20180605 13:51:25.793,1.1667100000000001,1.1667399999999999
EUR/USD,20180605 13:56:28.933,1.16629,1.16632
EUR/USD,20180605 14:01:29.213,1.166,1.16602
EUR/USD,20180605 14:06:29.523,1.16574,1.16577
EUR/USD,20180605 14:11:29.902,1.16642,1.16644
EUR/USD,20180605 14:16:31.071,1.16573,1.1657600000000001
EUR/USD,20180605 14:21:31.119,1.16611,1.16614
EUR/USD,20180605 14:26:31.690,1.16641,1.16641
EUR/USD,20180605 14:31:31.801,1.16555,1.1655799999999998
EUR/USD,20180605 14:36:33.258,1.16571,1.16573
EUR/USD,20180605 14:41:34.815,1.16626,1.1663
EUR/USD,20180605 14:46:34.860,1.16583,1.1658600000000001
EUR/USD,20180605 14:51:35.653,1.16594,1.1659700000000002
EUR/USD,20180605 14:56:35.704,1.1669200000000002,1.16695
EUR/USD,20180605 15:01:35.773,1.16672,1.16676
EUR/USD,20180605 15:06:36.093,1.1668100000000001,1.16683
EUR/USD,20180605 15:11:36.225,1.16804,1.16809
EUR/USD,20180605 15:16:39.372,1.16798,1.1679899999999999
EUR/USD,20180605 15:21:40.194,1.168,1.16804
EUR/USD,20180605 15:26:40.289,1.16735,1.1674
EUR/USD,20180605 15:31:41.098,1.16757,1.1676
EUR/USD,20180605 15:36:41.335,1.16792,1.16794
EUR/USD,20180605 15:41:41.349,1.1675,1.16753
EUR/USD,20180605 15:46:46.510,1.16777,1.16781
EUR/USD,20180605 15:51:46.992,1.16708,1.16711
EUR/USD,20180605 15:56:47.027,1.16708,1.1671
EUR/USD,20180605 16:01:47.082,1.16969,1.16974
EUR/USD,20180605 16:06:47.299,1.16919,1.16924
EUR/USD,20180605 16:11:48.465,1.16975,1.16977
EUR/USD,20180605 16:16:48.486,1.1707,1.17074
EUR/USD,20180605 16:21:48.492,1.17164,1.17169
EUR/USD,20180605 16:26:48.529,1.17174,1.1717799999999998
EUR/USD,20180605 16:31:49.051,1.17221,1.1722299999999999
EUR/USD,20180605 16:36:49.239,1.17131,1.17134
EUR/USD,20180605 16:41:50.659,1.17129,1.1713200000000001
EUR/USD,20180605 16:46:50.793,1.17088,1.1709200000000002
EUR/USD,20180605 16:51:53.135,1.1713200000000001,1.17135
EUR/USD,20180605 16:56:56.988,1.17143,1.17147
EUR/USD,20180605 17:01:57.238,1.17213,1.1721700000000002
EUR/USD,20180605 17:06:57.460,1.17229,1.1723299999999999
EUR/USD,20180605 17:12:00.242,1.17287,1.1729
EUR/USD,20180605 17:17:00.297,1.17279,1.1728
EUR/USD,20180605 17:22:07.093,1.17265,1.1727
EUR/USD,20180605 17:27:08.231,1.1727299999999998,1.17275
EUR/USD,20180605 17:32:08.235,1.1723299999999999,1.17236
EUR/USD,20180605 17:37:08.387,1.1723,1.1723299999999999
EUR/USD,20180605 17:42:08.862,1.17213,1.17216
EUR/USD,20180605 17:47:09.245,1.17275,1.17279
EUR/USD,20180605 17:52:09.281,1.1727,1.1727299999999998
EUR/USD,20180605 17:57:10.034,1.1724299999999999,1.17246
EUR/USD,20180605 18:02:10.059,1.17296,1.173
EUR/USD,20180605 18:07:12.562,1.17259,1.17262
EUR/USD,20180605 18:12:16.826,1.17228,1.17234
EUR/USD,20180605 18:17:20.195,1.17232,1.17234
EUR/USD,20180605 18:22:22.416,1.1718899999999999,1.1719
EUR/USD,20180605 18:27:23.012,1.17177,1.1718
EUR/USD,20180605 18:32:23.115,1.17203,1.17206
EUR/USD,20180605 18:37:23.402,1.1718,1.17184
EUR/USD,20180605 18:42:23.577,1.1717600000000001,1.1717899999999999
EUR/USD,20180605 18:47:24.165,1.17167,1.1717
EUR/USD,20180605 18:52:24.309,1.17162,1.1716600000000001
EUR/USD,20180605 18:57:24.432,1.17163,1.17165
EUR/USD,20180605 19:02:24.532,1.17129,1.17133
EUR/USD,20180605 19:07:24.778,1.17116,1.1711799999999999
EUR/USD,20180605 19:12:25.133,1.17108,1.17111
EUR/USD,20180605 19:17:29.026,1.17101,1.1710399999999999
EUR/USD,20180605 19:22:32.108,1.17103,1.17105
EUR/USD,20180605 19:27:32.279,1.17095,1.17099
EUR/USD,20180605 19:32:33.380,1.17103,1.17108
EUR/USD,20180605 19:37:35.067,1.17127,1.17129
EUR/USD,20180605 19:42:38.585,1.17136,1.17139
EUR/USD,20180605 19:47:44.695,1.17119,1.17124
EUR/USD,20180605 19:52:46.533,1.17131,1.17134
EUR/USD,20180605 19:57:51.080,1.17146,1.17149
EUR/USD,20180605 20:03:07.516,1.1713,1.17135
EUR/USD,20180605 20:08:08.632,1.17137,1.17141
EUR/USD,20180605 20:13:16.858,1.17135,1.17139
EUR/USD,20180605 20:18:23.168,1.1715,1.17155
EUR/USD,20180605 20:23:28.827,1.17153,1.1716
EUR/USD,20180605 20:28:29.685,1.17153,1.17155
EUR/USD,20180605 20:33:36.582,1.17146,1.1715
EUR/USD,20180605 20:38:40.120,1.17157,1.1716
EUR/USD,20180605 20:45:02.073,1.17165,1.1716799999999998
EUR/USD,20180605 20:50:11.980,1.17165,1.17171
EUR/USD,20180605 20:55:12.799,1.17154,1.1716
EUR/USD,20180605 21:00:14.478,1.17108,1.17187
EUR/USD,20180605 21:05:14.616,1.1713799999999999,1.1716799999999998
EUR/USD,20180605 21:10:17.330,1.17155,1.1717600000000001
EUR/USD,20180605 21:15:17.777,1.17147,1.1716
EUR/USD,20180605 21:20:26.982,1.17144,1.17155
EUR/USD,20180605 21:25:29.377,1.17151,1.17153
EUR/USD,20180605 21:30:29.525,1.17157,1.17159
EUR/USD,20180605 21:35:36.132,1.17169,1.1717799999999998
EUR/USD,20180605 21:40:37.983,1.17165,1.1717600000000001
EUR/USD,20180605 21:45:38.339,1.17173,1.17183
EUR/USD,20180605 21:50:38.401,1.17177,1.17187
EUR/USD,20180605 21:55:45.012,1.17177,1.1718600000000001
EUR/USD,20180605 22:00:47.637,1.1718,1.1718600000000001
EUR/USD,20180605 22:06:00.138,1.17191,1.17198
EUR/USD,20180605 22:11:19.029,1.17181,1.1718899999999999
EUR/USD,20180605 22:16:21.338,1.1718600000000001,1.17191
EUR/USD,20180605 22:21:25.243,1.1716600000000001,1.17173
EUR/USD,20180605 22:26:30.665,1.17162,1.1716799999999998
EUR/USD,20180605 22:31:32.994,1.1717899999999999,1.17184
EUR/USD,20180605 22:36:46.805,1.17184,1.17188
EUR/USD,20180605 22:41:46.848,1.17187,1.17191
EUR/USD,20180605 22:47:08.346,1.1718899999999999,1.17194
EUR/USD,20180605 22:52:09.490,1.1719600000000001,1.17201
EUR/USD,20180605 22:57:10.955,1.17201,1.17205
EUR/USD,20180605 23:02:11.963,1.1719600000000001,1.17204
EUR/USD,20180605 23:07:16.972,1.17175,1.1717899999999999
EUR/USD,20180605 23:12:18.471,1.1717600000000001,1.1718
EUR/USD,20180605 23:17:18.752,1.17177,1.17181
EUR/USD,20180605 23:22:19.126,1.1723700000000001,1.1724
EUR/USD,20180605 23:27:25.532,1.17229,1.17235
EUR/USD,20180605 23:32:26.691,1.17222,1.1722299999999999
EUR/USD,20180605 23:37:34.992,1.1727,1.1727299999999998
EUR/USD,20180605 23:42:35.884,1.17292,1.17296
EUR/USD,20180605 23:47:37.281,1.17308,1.1731200000000002
EUR/USD,20180605 23:53:06.304,1.1728100000000001,1.17287
EUR/USD,20180605 23:58:12.682,1.1725700000000001,1.17261
EUR/USD,20180606 00:03:17.529,1.17246,1.17251
EUR/USD,20180606 00:08:24.247,1.17242,1.17245
EUR/USD,20180606 00:13:25.369,1.17258,1.1726
EUR/USD,20180606 00:18:28.984,1.17252,1.1725700000000001
EUR/USD,20180606 00:23:33.426,1.1725700000000001,1.17261
EUR/USD,20180606 00:28:36.290,1.17266,1.17269
EUR/USD,20180606 00:33:44.489,1.1724700000000001,1.17249
EUR/USD,20180606 00:38:48.681,1.1723299999999999,1.1723700000000001
EUR/USD,20180606 00:43:51.610,1.1722299999999999,1.17228
EUR/USD,20180606 00:48:55.104,1.17239,1.17242
EUR/USD,20180606 00:53:55.794,1.1724,1.1724299999999999
EUR/USD,20180606 00:59:06.732,1.17241,1.17245
EUR/USD,20180606 01:04:16.167,1.17246,1.17248
EUR/USD,20180606 01:09:23.257,1.17244,1.1724700000000001
EUR/USD,20180606 01:14:24.010,1.1724299999999999,1.17249
EUR/USD,20180606 01:19:27.597,1.17248,1.17251
EUR/USD,20180606 01:24:27.743,1.1724,1.17245
EUR/USD,20180606 01:29:36.629,1.17254,1.17259
EUR/USD,20180606 01:34:37.565,1.17277,1.17279
EUR/USD,20180606 01:39:46.885,1.17272,1.17278
EUR/USD,20180606 01:44:47.430,1.17313,1.17317
EUR/USD,20180606 01:49:48.210,1.17333,1.17337
EUR/USD,20180606 01:54:48.809,1.17297,1.17299
EUR/USD,20180606 01:59:55.114,1.17268,1.1727
EUR/USD,20180606 02:05:03.009,1.17256,1.17262
EUR/USD,20180606 02:10:06.110,1.1723,1.17232
EUR/USD,20180606 02:15:11.968,1.17238,1.17242
EUR/USD,20180606 02:20:16.812,1.1724299999999999,1.1724700000000001
EUR/USD,20180606 02:25:31.878,1.1723700000000001,1.1724299999999999
EUR/USD,20180606 02:30:34.191,1.17215,1.17216
EUR/USD,20180606 02:35:41.355,1.1721700000000002,1.1722
EUR/USD,20180606 02:40:41.931,1.17202,1.17208
EUR/USD,20180606 02:45:42.281,1.17205,1.17208
EUR/USD,20180606 02:50:56.018,1.17215,1.17218
EUR/USD,20180606 02:55:59.696,1.17226,1.1723
EUR/USD,20180606 03:01:00.320,1.1722299999999999,1.17226
EUR/USD,20180606 03:06:00.340,1.17206,1.1721
EUR/USD,20180606 03:11:00.613,1.1719600000000001,1.172
EUR/USD,20180606 03:16:05.917,1.17204,1.17208
EUR/USD,20180606 03:21:09.285,1.1722,1.1722299999999999
EUR/USD,20180606 03:26:14.255,1.17221,1.1722299999999999
EUR/USD,20180606 03:31:19.674,1.17225,1.17228
EUR/USD,20180606 03:36:20.737,1.17228,1.17234
EUR/USD,20180606 03:41:23.620,1.17224,1.17228
EUR/USD,20180606 03:46:25.751,1.17249,1.17252
EUR/USD,20180606 03:51:38.099,1.1726299999999998,1.17268
EUR/USD,20180606 03:56:42.729,1.17277,1.1728
EUR/USD,20180606 04:01:45.729,1.17258,1.17261
EUR/USD,20180606 04:06:46.399,1.17249,1.1725299999999999
EUR/USD,20180606 04:11:54.025,1.1724700000000001,1.17252
EUR/USD,20180606 04:16:59.175,1.1722700000000001,1.17232
EUR/USD,20180606 04:22:00.027,1.1719700000000002,1.172
EUR/USD,20180606 04:27:00.084,1.1719,1.17195
EUR/USD,20180606 04:32:05.765,1.1719,1.17195
EUR/USD,20180606 04:37:14.203,1.1717899999999999,1.17183
EUR/USD,20180606 04:42:17.408,1.17173,1.17177
EUR/USD,20180606 04:47:19.720,1.17181,1.17185
EUR/USD,20180606 04:52:22.925,1.17167,1.17171
EUR/USD,20180606 04:57:23.836,1.17157,1.17159
EUR/USD,20180606 05:02:25.388,1.17145,1.1714799999999999
EUR/USD,20180606 05:07:45.064,1.17143,1.1714799999999999
EUR/USD,20180606 05:12:46.859,1.17155,1.1715799999999998
EUR/USD,20180606 05:18:08.743,1.17159,1.17165
EUR/USD,20180606 05:23:22.269,1.17206,1.17208
EUR/USD,20180606 05:28:23.363,1.17216,1.17219
EUR/USD,20180606 05:33:23.743,1.1722700000000001,1.1723
EUR/USD,20180606 05:38:24.265,1.17255,1.17258
EUR/USD,20180606 05:43:25.264,1.17242,1.17245
EUR/USD,20180606 05:48:25.465,1.17215,1.1721700000000002
EUR/USD,20180606 05:53:28.528,1.1722299999999999,1.17226
EUR/USD,20180606 05:58:30.230,1.17208,1.17211
EUR/USD,20180606 06:03:31.280,1.17215,1.17218
EUR/USD,20180606 06:08:31.287,1.17307,1.17309
EUR/USD,20180606 06:13:31.641,1.17307,1.1731
EUR/USD,20180606 06:18:32.780,1.17279,1.17282
EUR/USD,20180606 06:23:33.014,1.17359,1.17363
EUR/USD,20180606 06:28:33.015,1.1738600000000001,1.1738899999999999
EUR/USD,20180606 06:33:33.016,1.1750399999999999,1.17507
EUR/USD,20180606 06:38:33.077,1.17434,1.17438
EUR/USD,20180606 06:43:33.214,1.1740899999999999,1.17413
EUR/USD,20180606 06:48:33.468,1.17371,1.17372
EUR/USD,20180606 06:53:34.139,1.1728,1.1728299999999998
EUR/USD,20180606 06:58:34.283,1.17245,1.17249
EUR/USD,20180606 07:03:35.182,1.17251,1.17254
EUR/USD,20180606 07:08:35.194,1.17413,1.17418
EUR/USD,20180606 07:13:36.655,1.17439,1.17442
EUR/USD,20180606 07:18:37.691,1.1752,1.17524
EUR/USD,20180606 07:23:37.714,1.17619,1.1762
EUR/USD,20180606 07:28:38.131,1.1759,1.17595
EUR/USD,20180606 07:33:38.174,1.17587,1.1758899999999999
EUR/USD,20180606 07:38:38.296,1.17626,1.17629
EUR/USD,20180606 07:43:38.298,1.1764,1.1764299999999999
EUR/USD,20180606 07:48:39.182,1.17559,1.17561
EUR/USD,20180606 07:53:39.199,1.17571,1.17572
EUR/USD,20180606 07:58:39.326,1.17583,1.17585
EUR/USD,20180606 08:03:41.700,1.17635,1.17635
EUR/USD,20180606 08:08:44.328,1.17651,1.17655
EUR/USD,20180606 08:13:47.563,1.17631,1.1763299999999999
EUR/USD,20180606 08:18:52.865,1.1759899999999999,1.17603
EUR/USD,20180606 08:23:53.988,1.17593,1.17594
EUR/USD,20180606 08:28:56.919,1.17549,1.17551
EUR/USD,20180606 08:34:00.015,1.17543,1.17546
EUR/USD,20180606 08:39:00.974,1.17509,1.1751200000000002
EUR/USD,20180606 08:44:01.240,1.17469,1.1747299999999998
EUR/USD,20180606 08:49:01.881,1.1742700000000001,1.17431
EUR/USD,20180606 08:54:03.913,1.1744,1.17444
EUR/USD,20180606 08:59:03.955,1.17435,1.1743700000000001
EUR/USD,20180606 09:04:04.604,1.17454,1.17459
EUR/USD,20180606 09:09:04.687,1.1753,1.17533
EUR/USD,20180606 09:14:05.023,1.17507,1.1751
EUR/USD,20180606 09:19:05.625,1.17475,1.1748
EUR/USD,20180606 09:24:06.376,1.17541,1.17543
EUR/USD,20180606 09:29:06.387,1.17573,1.17577
EUR/USD,20180606 09:34:06.503,1.17622,1.17626
EUR/USD,20180606 09:39:07.199,1.1760899999999999,1.17613
EUR/USD,20180606 09:44:07.392,1.17572,1.1757600000000001
EUR/USD,20180606 09:49:08.065,1.1761,1.17614
EUR/USD,20180606 09:54:08.691,1.17577,1.17581
EUR/USD,20180606 09:59:09.382,1.17662,1.17664
EUR/USD,20180606 10:04:09.393,1.17736,1.1774
EUR/USD,20180606 10:09:09.850,1.1771399999999999,1.17716
EUR/USD,20180606 10:14:19.838,1.1768100000000001,1.1768399999999999
EUR/USD,20180606 10:19:19.916,1.17743,1.17746
EUR/USD,20180606 10:24:23.329,1.17675,1.17678
EUR/USD,20180606 10:29:25.166,1.1766,1.1766299999999998
EUR/USD,20180606 10:34:27.702,1.17656,1.17659
EUR/USD,20180606 10:39:28.488,1.17664,1.17666
EUR/USD,20180606 10:44:30.327,1.177,1.1770200000000002
EUR/USD,20180606 10:49:30.891,1.17658,1.17661
EUR/USD,20180606 10:54:31.824,1.17639,1.17641
EUR/USD,20180606 10:59:32.384,1.1767,1.17672
EUR/USD,20180606 11:04:33.794,1.17675,1.17677
EUR/USD,20180606 11:09:40.697,1.17675,1.17677
EUR/USD,20180606 11:14:43.156,1.1773,1.17734
EUR/USD,20180606 11:19:48.117,1.17746,1.17749
EUR/USD,20180606 11:24:51.035,1.1775799999999998,1.17761
EUR/USD,20180606 11:29:51.912,1.1774200000000001,1.1774200000000001
EUR/USD,20180606 11:34:52.628,1.17783,1.17784
EUR/USD,20180606 11:39:53.783,1.17751,1.17755
EUR/USD,20180606 11:44:53.789,1.1773799999999999,1.17741
EUR/USD,20180606 11:49:54.769,1.1772200000000002,1.17724
EUR/USD,20180606 11:54:55.309,1.17717,1.17719
EUR/USD,20180606 11:59:58.247,1.17707,1.1771
EUR/USD,20180606 12:05:02.184,1.1770399999999999,1.17708
EUR/USD,20180606 12:10:02.366,1.17679,1.1768100000000001
EUR/USD,20180606 12:15:02.382,1.1763700000000001,1.1764
EUR/USD,20180606 12:20:03.322,1.17662,1.17665
EUR/USD,20180606 12:25:04.190,1.17644,1.1764700000000001
EUR/USD,20180606 12:30:04.454,1.17661,1.17664
EUR/USD,20180606 12:35:05.418,1.17717,1.17719
EUR/USD,20180606 12:40:08.219,1.17739,1.17743
EUR/USD,20180606 12:45:08.446,1.17709,1.17713
EUR/USD,20180606 12:50:08.734,1.1765299999999999,1.17656
EUR/USD,20180606 12:55:10.460,1.1766,1.1766
EUR/USD,20180606 13:00:10.876,1.1767,1.1767299999999998
EUR/USD,20180606 13:05:11.946,1.17693,1.17696
EUR/USD,20180606 13:10:14.626,1.1773799999999999,1.1774200000000001
EUR/USD,20180606 13:15:15.501,1.17695,1.17697
EUR/USD,20180606 13:20:16.433,1.17705,1.17708
EUR/USD,20180606 13:25:18.413,1.17709,1.1771200000000002
EUR/USD,20180606 13:30:19.586,1.17729,1.1773200000000001
EUR/USD,20180606 13:35:23.245,1.1776799999999998,1.1777
EUR/USD,20180606 13:40:23.558,1.17851,1.17854
EUR/USD,20180606 13:45:24.463,1.17862,1.17865
EUR/USD,20180606 13:50:26.514,1.17923,1.17927
EUR/USD,20180606 13:55:27.127,1.1789,1.17893
EUR/USD,20180606 14:00:27.221,1.17876,1.17879
EUR/USD,20180606 14:05:27.441,1.17854,1.17856
EUR/USD,20180606 14:10:27.523,1.17821,1.1782299999999999
EUR/USD,20180606 14:15:27.919,1.17824,1.1782700000000002
EUR/USD,20180606 14:20:27.956,1.1785,1.17854
EUR/USD,20180606 14:25:28.147,1.1779700000000002,1.178
EUR/USD,20180606 14:30:28.659,1.17793,1.17795
EUR/USD,20180606 14:35:29.602,1.1778,1.1778
EUR/USD,20180606 14:40:29.740,1.17753,1.17756
EUR/USD,20180606 14:45:30.502,1.17788,1.17791
EUR/USD,20180606 14:50:30.970,1.1780700000000002,1.1781
EUR/USD,20180606 14:55:31.739,1.1774200000000001,1.17745
EUR/USD,20180606 15:00:32.540,1.1780700000000002,1.1781
EUR/USD,20180606 15:05:35.279,1.17753,1.17756
EUR/USD,20180606 15:10:36.030,1.17764,1.1776799999999998
EUR/USD,20180606 15:15:40.840,1.17741,1.17743
EUR/USD,20180606 15:20:41.257,1.17705,1.17706
EUR/USD,20180606 15:25:41.980,1.17696,1.17699
EUR/USD,20180606 15:30:42.139,1.17658,1.17661
EUR/USD,20180606 15:35:42.891,1.17632,1.1763299999999999
EUR/USD,20180606 15:40:45.928,1.17666,1.17667
EUR/USD,20180606 15:45:48.271,1.17734,1.17737
EUR/USD,20180606 15:50:50.845,1.17746,1.17751
EUR/USD,20180606 15:55:52.992,1.17782,1.17785
EUR/USD,20180606 16:00:53.601,1.17785,1.17787
EUR/USD,20180606 16:05:53.752,1.17737,1.17741
EUR/USD,20180606 16:10:55.120,1.17733,1.17736
EUR/USD,20180606 16:15:55.207,1.1779,1.17793
EUR/USD,20180606 16:20:55.567,1.1771399999999999,1.17716
EUR/USD,20180606 16:25:56.281,1.17765,1.17767
EUR/USD,20180606 16:30:58.174,1.17794,1.1779700000000002
EUR/USD,20180606 16:36:01.251,1.1779700000000002,1.17801
EUR/USD,20180606 16:41:02.718,1.17811,1.17814
EUR/USD,20180606 16:46:04.908,1.17824,1.17826
EUR/USD,20180606 16:51:05.042,1.17819,1.17822
EUR/USD,20180606 16:56:05.362,1.17779,1.1778
EUR/USD,20180606 17:01:05.402,1.17757,1.17759
EUR/USD,20180606 17:06:12.053,1.17761,1.17763
EUR/USD,20180606 17:11:13.616,1.17772,1.1777600000000001
EUR/USD,20180606 17:16:13.925,1.17763,1.17767
EUR/USD,20180606 17:21:15.619,1.17777,1.17779
EUR/USD,20180606 17:26:19.351,1.17749,1.17753
EUR/USD,20180606 17:31:20.037,1.1772799999999999,1.1773
EUR/USD,20180606 17:36:25.248,1.17716,1.17719
EUR/USD,20180606 17:41:27.148,1.1770399999999999,1.17705
EUR/USD,20180606 17:46:31.964,1.17733,1.1773799999999999
EUR/USD,20180606 17:51:32.600,1.17696,1.17699
EUR/USD,20180606 17:56:33.235,1.17672,1.17676
EUR/USD,20180606 18:01:36.765,1.17646,1.1765
EUR/USD,20180606 18:06:41.741,1.17638,1.17641
EUR/USD,20180606 18:11:47.728,1.1768399999999999,1.17687
EUR/USD,20180606 18:16:48.655,1.17672,1.17676
EUR/USD,20180606 18:21:49.993,1.177,1.17703
EUR/USD,20180606 18:26:50.171,1.1768,1.1768100000000001
EUR/USD,20180606 18:31:50.203,1.17624,1.17628
EUR/USD,20180606 18:36:55.366,1.17649,1.1765299999999999
EUR/USD,20180606 18:41:57.992,1.1764700000000001,1.1765
EUR/USD,20180606 18:47:11.940,1.17651,1.17654
EUR/USD,20180606 18:52:17.469,1.17669,1.1767
EUR/USD,20180606 18:57:23.423,1.17679,1.1768299999999998
EUR/USD,20180606 19:02:24.888,1.17678,1.17682
EUR/USD,20180606 19:07:45.435,1.17669,1.1767299999999998
EUR/USD,20180606 19:12:45.815,1.17696,1.17699
EUR/USD,20180606 19:17:49.691,1.17705,1.1771
EUR/USD,20180606 19:22:50.862,1.17719,1.1772200000000002
EUR/USD,20180606 19:27:54.082,1.17729,1.17733
EUR/USD,20180606 19:32:55.361,1.1775,1.17754
EUR/USD,20180606 19:38:00.137,1.17769,1.17773
EUR/USD,20180606 19:43:10.035,1.17763,1.1776799999999998
EUR/USD,20180606 19:48:11.964,1.17727,1.17731
EUR/USD,20180606 19:53:17.565,1.17733,1.1773799999999999
EUR/USD,20180606 19:58:18.519,1.17711,1.1771399999999999
EUR/USD,20180606 20:03:30.010,1.1770100000000001,1.17705
EUR/USD,20180606 20:08:32.927,1.17716,1.1772
EUR/USD,20180606 20:13:42.986,1.17718,1.17721
EUR/USD,20180606 20:19:07.259,1.1772200000000002,1.17726
EUR/USD,20180606 20:24:08.551,1.17725,1.1773
EUR/USD,20180606 20:29:11.398,1.1772200000000002,1.17727
EUR/USD,20180606 20:34:13.103,1.1773799999999999,1.17744
EUR/USD,20180606 20:39:18.241,1.17737,1.17743
EUR/USD,20180606 20:44:20.056,1.17747,1.1775
EUR/USD,20180606 20:50:00.081,1.17741,1.17745
EUR/USD,20180606 20:55:00.083,1.17743,1.17746
EUR/USD,20180606 21:00:14.324,1.17736,1.17767
EUR/USD,20180606 21:05:16.871,1.17739,1.17765
EUR/USD,20180606 21:10:18.028,1.17743,1.1776799999999998
EUR/USD,20180606 21:15:23.830,1.1775200000000001,1.17766
EUR/USD,20180606 21:20:33.616,1.1774200000000001,1.1776200000000001
EUR/USD,20180606 21:25:39.542,1.17744,1.17757
EUR/USD,20180606 21:30:40.608,1.17751,1.1777
EUR/USD,20180606 21:35:46.612,1.17745,1.17757
EUR/USD,20180606 21:40:58.951,1.17741,1.1776
EUR/USD,20180606 21:46:00.116,1.17751,1.17767
EUR/USD,20180606 21:51:01.234,1.17759,1.1776799999999998
EUR/USD,20180606 21:56:08.878,1.17763,1.17772
EUR/USD,20180606 22:01:08.886,1.17773,1.17779
EUR/USD,20180606 22:06:12.177,1.17764,1.17771
EUR/USD,20180606 22:11:37.314,1.1775200000000001,1.17761
EUR/USD,20180606 22:16:43.243,1.1777600000000001,1.17782
EUR/USD,20180606 22:21:52.144,1.1781,1.17818
EUR/USD,20180606 22:27:01.709,1.1782,1.17826
EUR/USD,20180606 22:32:02.139,1.17803,1.17812
EUR/USD,20180606 22:37:19.623,1.17795,1.17801
EUR/USD,20180606 22:42:28.121,1.17812,1.17818
EUR/USD,20180606 22:47:34.353,1.17803,1.1781
EUR/USD,20180606 22:52:35.581,1.17808,1.17814
EUR/USD,20180606 22:57:35.906,1.17814,1.17816
EUR/USD,20180606 23:02:40.371,1.17814,1.17818
EUR/USD,20180606 23:07:54.431,1.17811,1.17815
EUR/USD,20180606 23:12:55.302,1.17801,1.17804
EUR/USD,20180606 23:17:58.386,1.178,1.17804
EUR/USD,20180606 23:23:00.883,1.1780700000000002,1.17811
EUR/USD,20180606 23:28:04.146,1.1782,1.17824
EUR/USD,20180606 23:33:13.585,1.17815,1.1782
EUR/USD,20180606 23:38:14.153,1.17824,1.1782700000000002
EUR/USD,20180606 23:43:14.547,1.1783,1.1783299999999999
EUR/USD,20180606 23:48:16.782,1.1783700000000001,1.17839
EUR/USD,20180606 23:53:18.498,1.1780700000000002,1.17811
EUR/USD,20180606 23:58:19.968,1.17812,1.1781700000000002
EUR/USD,20180607 00:03:28.784,1.1784299999999999,1.17848
EUR/USD,20180607 00:08:28.823,1.17852,1.17855
EUR/USD,20180607 00:13:29.794,1.1784299999999999,1.17846
EUR/USD,20180607 00:18:30.606,1.17875,1.17878
EUR/USD,20180607 00:23:31.420,1.17913,1.17915
EUR/USD,20180607 00:28:31.513,1.17911,1.17916
EUR/USD,20180607 00:33:33.464,1.17908,1.1791
EUR/USD,20180607 00:38:35.303,1.17886,1.1789
EUR/USD,20180607 00:43:38.839,1.17907,1.17909
EUR/USD,20180607 00:48:42.778,1.17895,1.17899
EUR/USD,20180607 00:53:46.395,1.17896,1.17899
EUR/USD,20180607 00:58:46.612,1.17907,1.1791200000000002
EUR/USD,20180607 01:03:56.260,1.17924,1.17926
EUR/USD,20180607 01:08:56.284,1.1793200000000001,1.17934
EUR/USD,20180607 01:13:56.421,1.17957,1.17961
EUR/USD,20180607 01:18:58.242,1.1796200000000001,1.17966
EUR/USD,20180607 01:23:58.980,1.17979,1.17983
EUR/USD,20180607 01:29:04.684,1.1799,1.17993
EUR/USD,20180607 01:34:04.802,1.17951,1.17955
EUR/USD,20180607 01:39:07.716,1.17946,1.17949
EUR/USD,20180607 01:44:10.055,1.17939,1.17943
EUR/USD,20180607 01:49:10.466,1.17906,1.1791
EUR/USD,20180607 01:54:17.195,1.17913,1.17915
EUR/USD,20180607 01:59:18.677,1.17893,1.17896
EUR/USD,20180607 02:04:20.592,1.1789399999999999,1.17898
EUR/USD,20180607 02:09:22.696,1.17918,1.1792
EUR/USD,20180607 02:14:25.874,1.17924,1.1792799999999999
EUR/USD,20180607 02:19:26.932,1.17913,1.17918
EUR/USD,20180607 02:24:28.383,1.1789399999999999,1.17898
EUR/USD,20180607 02:29:50.938,1.1791,1.1791399999999999
EUR/USD,20180607 02:35:04.179,1.1789399999999999,1.17897
EUR/USD,20180607 02:40:07.155,1.1790399999999999,1.17907
EUR/USD,20180607 02:45:08.456,1.17916,1.17918
EUR/USD,20180607 02:50:10.641,1.17915,1.17917
EUR/USD,20180607 02:55:10.960,1.1791,1.1791399999999999
EUR/USD,20180607 03:00:10.995,1.17896,1.17898
EUR/USD,20180607 03:05:14.178,1.17898,1.17903
EUR/USD,20180607 03:10:17.617,1.1792799999999999,1.1793
EUR/USD,20180607 03:15:26.085,1.17919,1.17923
EUR/USD,20180607 03:20:31.814,1.1791,1.17913
EUR/USD,20180607 03:25:34.137,1.17908,1.17913
EUR/USD,20180607 03:30:35.003,1.17908,1.1791200000000002
EUR/USD,20180607 03:35:36.169,1.17898,1.17903
EUR/USD,20180607 03:40:36.333,1.17886,1.1789
EUR/USD,20180607 03:45:37.268,1.1789399999999999,1.17897
EUR/USD,20180607 03:50:40.453,1.1788399999999999,1.17887
EUR/USD,20180607 03:55:42.357,1.1785700000000001,1.1786
EUR/USD,20180607 04:00:42.807,1.17868,1.1787100000000001
EUR/USD,20180607 04:05:46.738,1.1787,1.1787299999999998
EUR/USD,20180607 04:10:47.015,1.17869,1.17872
EUR/USD,20180607 04:15:52.978,1.17867,1.1787299999999998
EUR/USD,20180607 04:21:00.911,1.17882,1.1788399999999999
EUR/USD,20180607 04:26:01.093,1.17889,1.17892
EUR/USD,20180607 04:31:28.008,1.17925,1.17929
EUR/USD,20180607 04:36:28.037,1.1792799999999999,1.17933
EUR/USD,20180607 04:41:35.488,1.17921,1.17924
EUR/USD,20180607 04:46:36.024,1.17915,1.17919
EUR/USD,20180607 04:51:40.300,1.1791200000000002,1.1791399999999999
EUR/USD,20180607 04:56:49.895,1.17935,1.17939
EUR/USD,20180607 05:01:55.462,1.17957,1.1796
EUR/USD,20180607 05:06:58.283,1.17957,1.1796
EUR/USD,20180607 05:11:58.723,1.17977,1.17979
EUR/USD,20180607 05:17:30.335,1.1797,1.17973
EUR/USD,20180607 05:22:36.539,1.17981,1.17984
EUR/USD,20180607 05:27:37.170,1.18,1.18004
EUR/USD,20180607 05:32:51.922,1.17991,1.17995
EUR/USD,20180607 05:37:58.795,1.1799,1.17992
EUR/USD,20180607 05:43:00.212,1.1799600000000001,1.1799899999999999
EUR/USD,20180607 05:48:03.122,1.18036,1.1804
EUR/USD,20180607 05:53:08.801,1.1805700000000001,1.18059
EUR/USD,20180607 05:58:09.402,1.18032,1.18036
EUR/USD,20180607 06:03:12.928,1.1796200000000001,1.17964
EUR/USD,20180607 06:08:13.253,1.1791399999999999,1.17917
EUR/USD,20180607 06:13:15.639,1.1795,1.17954
EUR/USD,20180607 06:18:22.143,1.1793200000000001,1.1793799999999999
EUR/USD,20180607 06:23:24.663,1.18002,1.18005
EUR/USD,20180607 06:28:26.612,1.1800899999999999,1.18013
EUR/USD,20180607 06:33:27.445,1.18026,1.1803
EUR/USD,20180607 06:38:28.308,1.18066,1.18069
EUR/USD,20180607 06:43:30.259,1.18049,1.18052
EUR/USD,20180607 06:48:30.328,1.1807299999999998,1.18076
EUR/USD,20180607 06:53:32.429,1.1811399999999999,1.18118
EUR/USD,20180607 06:58:33.313,1.1809,1.18092
EUR/USD,20180607 07:03:33.335,1.18133,1.1813799999999999
EUR/USD,20180607 07:08:34.499,1.18163,1.1816799999999998
EUR/USD,20180607 07:13:35.803,1.18184,1.18187
EUR/USD,20180607 07:18:36.310,1.18185,1.1818799999999998
EUR/USD,20180607 07:23:36.325,1.18193,1.1819600000000001
EUR/USD,20180607 07:28:40.549,1.18235,1.18238
EUR/USD,20180607 07:33:41.572,1.18232,1.18235
EUR/USD,20180607 07:38:41.653,1.18262,1.18264
EUR/USD,20180607 07:43:41.704,1.1828100000000001,1.1828299999999998
EUR/USD,20180607 07:48:41.730,1.18324,1.18327
EUR/USD,20180607 07:53:42.014,1.18373,1.1837600000000001
EUR/USD,20180607 07:58:43.003,1.18287,1.1829
EUR/USD,20180607 08:03:43.441,1.1824700000000001,1.1825
EUR/USD,20180607 08:08:49.435,1.18223,1.18226
EUR/USD,20180607 08:13:49.439,1.1822700000000002,1.1823
EUR/USD,20180607 08:18:49.818,1.18197,1.182
EUR/USD,20180607 08:23:50.222,1.18174,1.1817600000000001
EUR/USD,20180607 08:28:50.391,1.18249,1.18251
EUR/USD,20180607 08:33:50.728,1.18198,1.18202
EUR/USD,20180607 08:38:51.004,1.1818899999999999,1.18192
EUR/USD,20180607 08:43:57.320,1.1817799999999998,1.18181
EUR/USD,20180607 08:48:57.337,1.18175,1.18179
EUR/USD,20180607 08:53:59.185,1.18172,1.1817600000000001
EUR/USD,20180607 08:58:59.939,1.18211,1.18214
EUR/USD,20180607 09:04:03.531,1.1821,1.18212
EUR/USD,20180607 09:09:05.706,1.18258,1.18262
EUR/USD,20180607 09:14:05.951,1.18264,1.18268
EUR/USD,20180607 09:19:08.016,1.18258,1.18262
EUR/USD,20180607 09:24:17.440,1.18238,1.18239
EUR/USD,20180607 09:29:17.457,1.18249,1.1825299999999999
EUR/USD,20180607 09:34:20.011,1.18226,1.18228
EUR/USD,20180607 09:39:23.208,1.18225,1.18229
EUR/USD,20180607 09:44:23.305,1.18204,1.1820700000000002
EUR/USD,20180607 09:49:23.328,1.18181,1.18183
EUR/USD,20180607 09:54:23.796,1.18208,1.18212
EUR/USD,20180607 09:59:23.910,1.1817799999999998,1.1818
EUR/USD,20180607 10:04:29.083,1.182,1.18203
EUR/USD,20180607 10:09:29.086,1.18223,1.18224
EUR/USD,20180607 10:14:30.997,1.18212,1.18215
EUR/USD,20180607 10:19:31.576,1.1818899999999999,1.18192
EUR/USD,20180607 10:24:31.582,1.18204,1.18206
EUR/USD,20180607 10:29:33.021,1.18271,1.18274
EUR/USD,20180607 10:34:34.644,1.1826299999999998,1.18266
EUR/USD,20180607 10:39:35.482,1.1827,1.18272
EUR/USD,20180607 10:44:37.375,1.1827299999999998,1.18275
EUR/USD,20180607 10:49:40.782,1.18272,1.18276
EUR/USD,20180607 10:54:41.077,1.18258,1.1826
EUR/USD,20180607 10:59:45.654,1.18267,1.1827
EUR/USD,20180607 11:04:46.063,1.18276,1.18277
EUR/USD,20180607 11:09:46.068,1.18284,1.18287
EUR/USD,20180607 11:14:46.115,1.1832799999999999,1.1833200000000001
EUR/USD,20180607 11:19:47.106,1.18229,1.18232
EUR/USD,20180607 11:24:47.707,1.1821700000000002,1.1822
EUR/USD,20180607 11:29:47.719,1.18173,1.18177
EUR/USD,20180607 11:34:47.983,1.18146,1.1814799999999999
EUR/USD,20180607 11:39:48.065,1.18179,1.18182
EUR/USD,20180607 11:44:48.259,1.1815200000000001,1.18154
EUR/USD,20180607 11:49:48.734,1.1818799999999998,1.1819
EUR/USD,20180607 11:54:49.440,1.1824700000000001,1.18248
EUR/USD,20180607 11:59:49.906,1.183,1.1830200000000002
EUR/USD,20180607 12:04:53.837,1.18278,1.1828
EUR/USD,20180607 12:09:54.029,1.18334,1.18337
EUR/USD,20180607 12:14:55.497,1.1835200000000001,1.18355
EUR/USD,20180607 12:19:56.975,1.18339,1.1834200000000001
EUR/USD,20180607 12:24:57.025,1.18305,1.18308
EUR/USD,20180607 12:29:57.904,1.18325,1.1833200000000001
EUR/USD,20180607 12:34:58.674,1.1831,1.18313
EUR/USD,20180607 12:39:59.874,1.18303,1.18306
EUR/USD,20180607 12:45:00.492,1.18369,1.18373
EUR/USD,20180607 12:50:01.015,1.18339,1.18343
EUR/USD,20180607 12:55:06.509,1.18318,1.18321
EUR/USD,20180607 13:00:07.405,1.18337,1.18341
EUR/USD,20180607 13:05:07.545,1.18319,1.18323
EUR/USD,20180607 13:10:07.557,1.18282,1.18285
EUR/USD,20180607 13:15:07.579,1.18349,1.1835200000000001
EUR/USD,20180607 13:20:07.628,1.18282,1.18285
EUR/USD,20180607 13:25:07.691,1.1822700000000002,1.1823
EUR/USD,20180607 13:30:08.368,1.1825,1.1825299999999999
EUR/USD,20180607 13:35:09.089,1.18272,1.18275
EUR/USD,20180607 13:40:11.437,1.18261,1.1826299999999998
EUR/USD,20180607 13:45:11.574,1.18206,1.1820700000000002
EUR/USD,20180607 13:50:11.588,1.18103,1.18106
EUR/USD,20180607 13:55:11.877,1.18135,1.1813799999999999
EUR/USD,20180607 14:00:12.079,1.18127,1.1813
EUR/USD,20180607 14:05:12.082,1.1815200000000001,1.18154
EUR/USD,20180607 14:10:13.203,1.18095,1.18098
EUR/USD,20180607 14:15:14.298,1.18096,1.181
EUR/USD,20180607 14:20:14.374,1.18155,1.1815799999999999
EUR/USD,20180607 14:25:15.117,1.18143,1.18146
EUR/USD,20180607 14:30:15.325,1.18159,1.18163
EUR/USD,20180607 14:35:15.412,1.1818899999999999,1.18192
EUR/USD,20180607 14:40:15.795,1.18157,1.18159
EUR/USD,20180607 14:45:15.974,1.18198,1.18202
EUR/USD,20180607 14:50:16.478,1.1824,1.1824299999999999
EUR/USD,20180607 14:55:17.675,1.18261,1.18264
EUR/USD,20180607 15:00:17.724,1.18267,1.18269
EUR/USD,20180607 15:05:18.086,1.18264,1.18268
EUR/USD,20180607 15:10:18.113,1.18269,1.18272
EUR/USD,20180607 15:15:22.202,1.18259,1.18262
EUR/USD,20180607 15:20:22.660,1.18268,1.18269
EUR/USD,20180607 15:25:22.751,1.18251,1.18255
EUR/USD,20180607 15:30:23.242,1.18238,1.18241
EUR/USD,20180607 15:35:24.356,1.18249,1.18252
EUR/USD,20180607 15:40:24.744,1.18284,1.18287
EUR/USD,20180607 15:45:24.753,1.1825700000000001,1.1826
EUR/USD,20180607 15:50:24.828,1.18264,1.18267
EUR/USD,20180607 15:55:26.275,1.18179,1.18182
EUR/USD,20180607 16:00:27.762,1.18155,1.18157
EUR/USD,20180607 16:05:29.905,1.18124,1.18127
EUR/USD,20180607 16:10:30.042,1.18146,1.1814799999999999
EUR/USD,20180607 16:15:38.364,1.18159,1.18163
EUR/USD,20180607 16:20:39.703,1.18146,1.18149
EUR/USD,20180607 16:25:40.850,1.18157,1.18159
EUR/USD,20180607 16:30:43.309,1.1816,1.18163
EUR/USD,20180607 16:35:43.438,1.1817,1.18173
EUR/USD,20180607 16:40:44.063,1.1816200000000001,1.1816200000000001
EUR/USD,20180607 16:45:44.140,1.18106,1.18109
EUR/USD,20180607 16:50:44.933,1.18089,1.1809100000000001
EUR/USD,20180607 16:55:45.225,1.18,1.18004
EUR/USD,20180607 17:00:46.413,1.18069,1.1807299999999998
EUR/USD,20180607 17:05:46.610,1.1812799999999999,1.18131
EUR/USD,20180607 17:10:49.746,1.1813,1.18133
EUR/USD,20180607 17:15:52.495,1.18185,1.1818600000000001
EUR/USD,20180607 17:20:56.882,1.1815799999999999,1.18161
EUR/USD,20180607 17:25:58.141,1.18144,1.18147
EUR/USD,20180607 17:31:00.077,1.18135,1.18139
EUR/USD,20180607 17:36:00.255,1.18126,1.18129
EUR/USD,20180607 17:41:00.723,1.1805299999999999,1.18058
EUR/USD,20180607 17:46:02.421,1.18049,1.18051
EUR/USD,20180607 17:51:03.328,1.1811200000000002,1.1811399999999999
EUR/USD,20180607 17:56:03.364,1.18113,1.18117
EUR/USD,20180607 18:01:07.674,1.18072,1.18072
EUR/USD,20180607 18:06:08.260,1.18096,1.18099
EUR/USD,20180607 18:11:08.343,1.18111,1.18113
EUR/USD,20180607 18:16:09.237,1.1814200000000001,1.18144
EUR/USD,20180607 18:21:09.688,1.18099,1.1810100000000001
EUR/USD,20180607 18:26:09.838,1.18127,1.1813
EUR/USD,20180607 18:31:10.489,1.1812,1.18123
EUR/USD,20180607 18:36:14.797,1.18119,1.18119
EUR/USD,20180607 18:41:15.099,1.18134,1.18139
EUR/USD,20180607 18:46:15.931,1.18129,1.1813200000000001
EUR/USD,20180607 18:51:17.296,1.18131,1.18135
EUR/USD,20180607 18:56:17.362,1.18099,1.1810200000000002
EUR/USD,20180607 19:01:21.028,1.1808100000000001,1.18085
EUR/USD,20180607 19:06:22.664,1.1805700000000001,1.18058
EUR/USD,20180607 19:11:23.672,1.18065,1.18067
EUR/USD,20180607 19:16:26.790,1.18035,1.18036
EUR/USD,20180607 19:21:27.982,1.18031,1.18032
EUR/USD,20180607 19:26:28.590,1.18039,1.1804
EUR/USD,20180607 19:31:31.676,1.1804700000000001,1.1805
EUR/USD,20180607 19:36:32.806,1.1804299999999999,1.18045
EUR/USD,20180607 19:41:38.158,1.18026,1.1803
EUR/USD,20180607 19:46:38.989,1.18026,1.18029
EUR/USD,20180607 19:51:39.070,1.18021,1.18023
EUR/USD,20180607 19:56:43.005,1.1800899999999999,1.18015
EUR/USD,20180607 20:01:46.303,1.17994,1.17998
EUR/USD,20180607 20:06:53.382,1.17971,1.17979
EUR/USD,20180607 20:11:55.692,1.17974,1.17979
EUR/USD,20180607 20:17:36.839,1.1798799999999998,1.17991
EUR/USD,20180607 20:22:42.603,1.1798799999999998,1.17991
EUR/USD,20180607 20:27:43.755,1.17995,1.17998
EUR/USD,20180607 20:32:43.801,1.18011,1.18015
EUR/USD,20180607 20:37:45.268,1.18014,1.18019
EUR/USD,20180607 20:42:49.976,1.1799899999999999,1.18002
EUR/USD,20180607 20:47:50.436,1.1799,1.17993
EUR/USD,20180607 20:52:54.976,1.17971,1.17977
EUR/USD,20180607 20:57:58.120,1.17979,1.1798799999999998
EUR/USD,20180607 21:03:02.482,1.17993,1.1805299999999999
EUR/USD,20180607 21:08:15.160,1.17987,1.18026
EUR/USD,20180607 21:13:15.925,1.1798899999999999,1.18004
EUR/USD,20180607 21:18:20.198,1.1797799999999998,1.1799600000000001
EUR/USD,20180607 21:23:20.983,1.17983,1.17997
EUR/USD,20180607 21:28:23.401,1.17984,1.17993
EUR/USD,20180607 21:33:31.131,1.17979,1.17997
EUR/USD,20180607 21:38:47.010,1.17975,1.1799600000000001
EUR/USD,20180607 21:43:47.478,1.17975,1.17987
EUR/USD,20180607 21:48:47.849,1.17971,1.1798600000000001
EUR/USD,20180607 21:53:54.102,1.17977,1.17995
EUR/USD,20180607 21:58:54.258,1.17966,1.17981
EUR/USD,20180607 22:03:56.337,1.17985,1.1798899999999999
EUR/USD,20180607 22:08:59.966,1.17971,1.17977
EUR/USD,20180607 22:14:04.279,1.17979,1.1798600000000001
EUR/USD,20180607 22:19:09.399,1.17984,1.17992
EUR/USD,20180607 22:24:17.059,1.1798799999999998,1.17991
EUR/USD,20180607 22:29:20.599,1.17982,1.1798600000000001
EUR/USD,20180607 22:34:55.254,1.17985,1.17991
EUR/USD,20180607 22:39:58.363,1.1799,1.17994
EUR/USD,20180607 22:45:08.538,1.1799,1.17994
EUR/USD,20180607 22:50:30.140,1.17987,1.17991
EUR/USD,20180607 22:55:34.450,1.1797,1.17975
EUR/USD,20180607 23:01:04.366,1.1797600000000001,1.17979
EUR/USD,20180607 23:06:32.088,1.1796,1.17966
EUR/USD,20180607 23:11:42.137,1.1796,1.17965
EUR/USD,20180607 23:16:48.778,1.1796200000000001,1.1796799999999998
EUR/USD,20180607 23:21:49.021,1.17956,1.17961
EUR/USD,20180607 23:26:49.213,1.17951,1.17955
EUR/USD,20180607 23:31:51.317,1.1795200000000001,1.17955
EUR/USD,20180607 23:36:56.863,1.17947,1.1795
EUR/USD,20180607 23:41:57.201,1.17937,1.1794200000000001
EUR/USD,20180607 23:46:58.599,1.1794200000000001,1.17947
EUR/USD,20180607 23:51:59.990,1.17921,1.17924
EUR/USD,20180607 23:57:00.206,1.17931,1.17934
EUR/USD,20180608 00:02:00.220,1.17956,1.17959
EUR/USD,20180608 00:07:18.366,1.17975,1.17977
EUR/USD,20180608 00:12:23.905,1.1797600000000001,1.1797799999999998
EUR/USD,20180608 00:17:25.225,1.1796,1.17964
EUR/USD,20180608 00:22:27.072,1.1795200000000001,1.17956
EUR/USD,20180608 00:27:28.969,1.17961,1.17963
EUR/USD,20180608 00:32:33.770,1.1799600000000001,1.18
EUR/USD,20180608 00:37:34.112,1.17997,1.1799899999999999
EUR/USD,20180608 00:42:44.816,1.18001,1.18004
EUR/USD,20180608 00:47:47.265,1.1805,1.18054
EUR/USD,20180608 00:52:53.006,1.18072,1.18075
EUR/USD,20180608 00:57:55.177,1.1806,1.1806299999999998
EUR/USD,20180608 01:02:58.514,1.18055,1.1806
EUR/USD,20180608 01:08:00.813,1.1806299999999998,1.18065
EUR/USD,20180608 01:13:00.821,1.18086,1.1809
EUR/USD,20180608 01:18:00.895,1.18076,1.18077
EUR/USD,20180608 01:23:09.075,1.18056,1.1806
EUR/USD,20180608 01:28:09.481,1.1804,1.18044
EUR/USD,20180608 01:33:10.067,1.18056,1.18058
EUR/USD,20180608 01:38:15.056,1.18061,1.18064
EUR/USD,20180608 01:43:15.569,1.18077,1.1808
EUR/USD,20180608 01:48:15.657,1.1804700000000001,1.1805
EUR/USD,20180608 01:53:17.703,1.18032,1.18035
EUR/USD,20180608 01:58:21.211,1.1802700000000002,1.1803
EUR/USD,20180608 02:03:29.559,1.18028,1.18029
EUR/USD,20180608 02:08:35.759,1.18036,1.1804
EUR/USD,20180608 02:13:40.062,1.18041,1.18042
EUR/USD,20180608 02:18:41.267,1.1805700000000001,1.1806
EUR/USD,20180608 02:23:48.858,1.18022,1.18024
EUR/USD,20180608 02:28:53.246,1.18002,1.18004
EUR/USD,20180608 02:33:54.563,1.17991,1.17995
EUR/USD,20180608 02:38:56.412,1.1798,1.1798600000000001
EUR/USD,20180608 02:43:56.432,1.1798600000000001,1.1799
EUR/USD,20180608 02:48:58.349,1.17972,1.1797600000000001
EUR/USD,20180608 02:54:02.329,1.17991,1.17994
EUR/USD,20180608 02:59:05.172,1.17994,1.17995
EUR/USD,20180608 03:04:12.965,1.17987,1.17991
EUR/USD,20180608 03:09:17.947,1.17964,1.17969
EUR/USD,20180608 03:14:21.491,1.17946,1.17949
EUR/USD,20180608 03:19:22.281,1.17944,1.17947
EUR/USD,20180608 03:24:22.453,1.17946,1.17951
EUR/USD,20180608 03:29:22.609,1.17937,1.17941
EUR/USD,20180608 03:34:24.031,1.17943,1.17946
EUR/USD,20180608 03:39:24.051,1.1796799999999998,1.17971
EUR/USD,20180608 03:44:24.475,1.17991,1.17992
EUR/USD,20180608 03:49:33.218,1.17977,1.17982
EUR/USD,20180608 03:54:36.077,1.17977,1.17982
EUR/USD,20180608 03:59:41.503,1.17985,1.1798799999999998
EUR/USD,20180608 04:04:41.570,1.17982,1.1798600000000001
EUR/USD,20180608 04:09:47.583,1.17984,1.1798799999999998
EUR/USD,20180608 04:15:01.178,1.17977,1.17981
EUR/USD,20180608 04:20:17.141,1.1797600000000001,1.17979
EUR/USD,20180608 04:25:26.447,1.17972,1.1797600000000001
EUR/USD,20180608 04:30:30.402,1.17977,1.1798
EUR/USD,20180608 04:35:33.909,1.17963,1.17967
EUR/USD,20180608 04:40:40.094,1.17987,1.17991
EUR/USD,20180608 04:45:40.408,1.17995,1.17998
EUR/USD,20180608 04:50:47.507,1.18011,1.18013
EUR/USD,20180608 04:55:52.379,1.18038,1.1804
EUR/USD,20180608 05:00:53.410,1.18052,1.18056
EUR/USD,20180608 05:05:58.018,1.1807299999999998,1.18076
EUR/USD,20180608 05:10:58.477,1.18054,1.18055
EUR/USD,20180608 05:16:01.149,1.18038,1.18041
EUR/USD,20180608 05:21:13.103,1.18028,1.1803299999999999
EUR/USD,20180608 05:26:16.218,1.18029,1.18032
EUR/USD,20180608 05:31:18.600,1.18035,1.18038
EUR/USD,20180608 05:36:28.606,1.1803700000000001,1.18041
EUR/USD,20180608 05:41:30.431,1.1805299999999999,1.18056
EUR/USD,20180608 05:46:35.820,1.18058,1.18062
EUR/USD,20180608 05:51:35.992,1.18087,1.18088
EUR/USD,20180608 05:56:36.304,1.18078,1.1808100000000001
EUR/USD,20180608 06:01:37.275,1.18015,1.18018
EUR/USD,20180608 06:06:40.367,1.18071,1.18072
EUR/USD,20180608 06:11:40.799,1.17963,1.17966
EUR/USD,20180608 06:16:41.595,1.17926,1.17927
EUR/USD,20180608 06:21:41.625,1.17858,1.1786
EUR/USD,20180608 06:26:41.664,1.17772,1.1777600000000001
EUR/USD,20180608 06:31:42.135,1.17783,1.1778600000000001
EUR/USD,20180608 06:36:42.359,1.17834,1.17834
EUR/USD,20180608 06:41:46.149,1.17828,1.17831
EUR/USD,20180608 06:46:47.089,1.1775200000000001,1.17754
EUR/USD,20180608 06:51:52.328,1.17737,1.17743
EUR/USD,20180608 06:56:52.498,1.1777600000000001,1.17779
EUR/USD,20180608 07:01:53.478,1.17761,1.17765
EUR/USD,20180608 07:06:53.739,1.17766,1.17769
EUR/USD,20180608 07:11:55.818,1.17731,1.17733
EUR/USD,20180608 07:16:56.119,1.17813,1.17813
EUR/USD,20180608 07:21:57.571,1.17818,1.1782
EUR/USD,20180608 07:26:58.211,1.17753,1.17755
EUR/USD,20180608 07:31:58.395,1.1778899999999999,1.17792
EUR/USD,20180608 07:36:58.693,1.17698,1.1770100000000001
EUR/USD,20180608 07:41:58.765,1.1768100000000001,1.17682
EUR/USD,20180608 07:46:58.868,1.1776200000000001,1.17765
EUR/USD,20180608 07:51:59.482,1.1775799999999998,1.17761
EUR/USD,20180608 07:57:03.626,1.17804,1.17806
EUR/USD,20180608 08:02:03.805,1.1783,1.1783299999999999
EUR/USD,20180608 08:07:04.930,1.17784,1.17788
EUR/USD,20180608 08:12:04.955,1.1778,1.17782
EUR/USD,20180608 08:17:04.997,1.17715,1.17719
EUR/USD,20180608 08:22:05.078,1.17621,1.1762299999999999
EUR/USD,20180608 08:27:06.620,1.1761,1.17613
EUR/USD,20180608 08:32:06.649,1.1764299999999999,1.17646
EUR/USD,20180608 08:37:09.079,1.1763299999999999,1.1763700000000001
EUR/USD,20180608 08:42:09.895,1.17656,1.17659
EUR/USD,20180608 08:47:11.624,1.17685,1.17687
EUR/USD,20180608 08:52:14.992,1.17651,1.17655
EUR/USD,20180608 08:57:15.847,1.17651,1.17654
EUR/USD,20180608 09:02:18.273,1.17641,1.17644
EUR/USD,20180608 09:07:19.023,1.1766,1.1766299999999998
EUR/USD,20180608 09:12:21.601,1.17639,1.17642
EUR/USD,20180608 09:17:21.624,1.17658,1.1766
EUR/USD,20180608 09:22:29.150,1.17678,1.1768299999999998
EUR/USD,20180608 09:27:29.449,1.1768399999999999,1.17687
EUR/USD,20180608 09:32:30.424,1.17698,1.1770100000000001
EUR/USD,20180608 09:37:30.430,1.17688,1.1769100000000001
EUR/USD,20180608 09:42:31.581,1.17665,1.17667
EUR/USD,20180608 09:47:31.622,1.17674,1.17676
EUR/USD,20180608 09:52:32.714,1.17664,1.17667
EUR/USD,20180608 09:57:33.155,1.17644,1.17645
EUR/USD,20180608 10:02:33.954,1.17618,1.17618
EUR/USD,20180608 10:07:34.152,1.17506,1.17509
EUR/USD,20180608 10:12:39.594,1.1749100000000001,1.17493
EUR/USD,20180608 10:17:40.891,1.17472,1.17476
EUR/USD,20180608 10:22:42.630,1.1752200000000002,1.17524
EUR/USD,20180608 10:27:43.756,1.1753200000000001,1.17535
EUR/USD,20180608 10:32:44.012,1.17514,1.17516
EUR/USD,20180608 10:37:44.583,1.1752200000000002,1.17525
EUR/USD,20180608 10:42:45.523,1.17518,1.1752
EUR/USD,20180608 10:47:46.005,1.1749,1.17492
EUR/USD,20180608 10:52:46.904,1.17414,1.17416
EUR/USD,20180608 10:57:46.910,1.1739600000000001,1.1739700000000002
EUR/USD,20180608 11:02:47.103,1.1735,1.1735200000000001
EUR/USD,20180608 11:07:47.878,1.17325,1.1732799999999999
EUR/USD,20180608 11:12:47.891,1.1728,1.17285
EUR/USD,20180608 11:17:47.968,1.1732200000000002,1.17325
EUR/USD,20180608 11:22:48.373,1.1736,1.17363
EUR/USD,20180608 11:27:49.869,1.1737,1.17372
EUR/USD,20180608 11:32:50.387,1.17363,1.17363
EUR/USD,20180608 11:37:50.752,1.17374,1.1737600000000001
EUR/USD,20180608 11:42:52.671,1.1746,1.1746299999999998
EUR/USD,20180608 11:47:52.719,1.1745700000000001,1.1746
EUR/USD,20180608 11:52:56.113,1.17459,1.17461
EUR/USD,20180608 11:57:57.172,1.1745,1.1745299999999999
EUR/USD,20180608 12:02:58.279,1.17534,1.17539
EUR/USD,20180608 12:08:00.417,1.1751,1.17514
EUR/USD,20180608 12:13:00.663,1.17543,1.17546
EUR/USD,20180608 12:18:03.518,1.17537,1.1754
EUR/USD,20180608 12:23:09.267,1.17508,1.17513
EUR/USD,20180608 12:28:09.470,1.17557,1.17559
EUR/USD,20180608 12:33:10.396,1.17503,1.17506
EUR/USD,20180608 12:38:11.072,1.1748100000000001,1.1748399999999999
EUR/USD,20180608 12:43:11.908,1.17382,1.17383
EUR/USD,20180608 12:48:12.011,1.1741,1.17414
EUR/USD,20180608 12:53:13.644,1.17444,1.1744700000000001
EUR/USD,20180608 12:58:13.812,1.17459,1.1746299999999998
EUR/USD,20180608 13:03:16.766,1.17408,1.17411
EUR/USD,20180608 13:08:16.938,1.17465,1.17467
EUR/USD,20180608 13:13:17.866,1.17582,1.17585
EUR/USD,20180608 13:18:18.855,1.17566,1.17569
EUR/USD,20180608 13:23:19.726,1.1763700000000001,1.1764
EUR/USD,20180608 13:28:20.385,1.17662,1.17664
EUR/USD,20180608 13:33:20.794,1.17666,1.17669
EUR/USD,20180608 13:38:21.693,1.17661,1.17664
EUR/USD,20180608 13:43:21.831,1.17613,1.17615
EUR/USD,20180608 13:48:23.101,1.1759899999999999,1.17602
EUR/USD,20180608 13:53:24.051,1.17598,1.176
EUR/USD,20180608 13:58:24.267,1.1757799999999998,1.17582
EUR/USD,20180608 14:03:24.270,1.1761700000000002,1.17621
EUR/USD,20180608 14:08:24.616,1.17626,1.17629
EUR/USD,20180608 14:13:24.752,1.17567,1.1757
EUR/USD,20180608 14:18:25.072,1.17622,1.17624
EUR/USD,20180608 14:23:25.128,1.1761700000000002,1.1762
EUR/USD,20180608 14:28:25.812,1.1767100000000001,1.17676
EUR/USD,20180608 14:33:27.527,1.17725,1.1772799999999999
EUR/USD,20180608 14:38:28.021,1.17696,1.17699
EUR/USD,20180608 14:43:28.057,1.1759899999999999,1.17602
EUR/USD,20180608 14:48:28.595,1.17545,1.17549
EUR/USD,20180608 14:53:28.615,1.17554,1.17556
EUR/USD,20180608 14:58:28.699,1.17612,1.17616
EUR/USD,20180608 15:03:30.435,1.17638,1.1764
EUR/USD,20180608 15:08:33.315,1.1766,1.17664
EUR/USD,20180608 15:13:34.747,1.17646,1.17649
EUR/USD,20180608 15:18:35.274,1.17621,1.1762299999999999
EUR/USD,20180608 15:23:36.260,1.17622,1.17624
EUR/USD,20180608 15:28:37.604,1.17618,1.17621
EUR/USD,20180608 15:33:39.367,1.1759700000000002,1.1759899999999999
EUR/USD,20180608 15:38:41.578,1.1759600000000001,1.1759899999999999
EUR/USD,20180608 15:43:42.729,1.17658,1.17659
EUR/USD,20180608 15:48:44.734,1.1764700000000001,1.17651
EUR/USD,20180608 15:53:46.419,1.1772799999999999,1.17729
EUR/USD,20180608 15:58:48.001,1.17719,1.17721
EUR/USD,20180608 16:03:48.718,1.17711,1.17715
EUR/USD,20180608 16:08:50.079,1.1774200000000001,1.17747
EUR/USD,20180608 16:13:50.575,1.17715,1.17721
EUR/USD,20180608 16:18:50.636,1.17757,1.1776
EUR/USD,20180608 16:23:50.786,1.17759,1.1776200000000001
EUR/USD,20180608 16:28:50.928,1.1770200000000002,1.17706
EUR/USD,20180608 16:33:51.220,1.1772200000000002,1.17725
EUR/USD,20180608 16:38:59.934,1.17716,1.17718
EUR/USD,20180608 16:44:00.623,1.17676,1.17678
EUR/USD,20180608 16:49:01.002,1.17696,1.17699
EUR/USD,20180608 16:54:02.823,1.1770399999999999,1.17711
EUR/USD,20180608 16:59:05.041,1.17718,1.17721
EUR/USD,20180608 17:04:05.049,1.1770200000000002,1.17705
EUR/USD,20180608 17:09:06.023,1.1772200000000002,1.17725
EUR/USD,20180608 17:14:07.618,1.17717,1.17719
EUR/USD,20180608 17:19:11.295,1.17726,1.17729
EUR/USD,20180608 17:24:12.866,1.17736,1.1773799999999999
EUR/USD,20180608 17:29:16.188,1.1774200000000001,1.17746
EUR/USD,20180608 17:34:23.310,1.17697,1.1770100000000001
EUR/USD,20180608 17:39:23.964,1.17686,1.17686
EUR/USD,20180608 17:44:25.993,1.1768299999999998,1.17686
EUR/USD,20180608 17:49:30.558,1.1768299999999998,1.17687
EUR/USD,20180608 17:54:31.465,1.1768299999999998,1.17687
EUR/USD,20180608 17:59:31.611,1.17668,1.17672
EUR/USD,20180608 18:04:33.496,1.17703,1.17706
EUR/USD,20180608 18:09:34.624,1.1770100000000001,1.1770399999999999
EUR/USD,20180608 18:14:35.119,1.1770200000000002,1.17706
EUR/USD,20180608 18:19:37.094,1.17656,1.1766
EUR/USD,20180608 18:24:41.790,1.1766299999999998,1.17667
EUR/USD,20180608 18:29:44.800,1.1766299999999998,1.17666
EUR/USD,20180608 18:34:49.276,1.17693,1.17698
EUR/USD,20180608 18:39:50.076,1.17687,1.1769100000000001
EUR/USD,20180608 18:44:53.768,1.1770100000000001,1.17705
EUR/USD,20180608 18:49:57.299,1.17717,1.1772
EUR/USD,20180608 18:54:57.406,1.1771399999999999,1.17717
EUR/USD,20180608 18:59:57.630,1.17695,1.17697
EUR/USD,20180608 19:04:58.135,1.17664,1.17666
EUR/USD,20180608 19:10:00.586,1.17686,1.17689
EUR/USD,20180608 19:15:00.688,1.17679,1.1768100000000001
EUR/USD,20180608 19:20:02.129,1.17678,1.1768
EUR/USD,20180608 19:25:04.511,1.17669,1.17672
EUR/USD,20180608 19:30:05.494,1.17685,1.17689
EUR/USD,20180608 19:35:05.763,1.1765,1.17654
EUR/USD,20180608 19:40:18.853,1.1766299999999998,1.17666
EUR/USD,20180608 19:45:21.439,1.17695,1.17699
EUR/USD,20180608 19:50:24.896,1.17688,1.1769100000000001
EUR/USD,20180608 19:55:25.024,1.17693,1.17698
EUR/USD,20180608 20:00:25.077,1.1765700000000001,1.17661
EUR/USD,20180608 20:05:25.539,1.17669,1.17674
EUR/USD,20180608 20:10:29.134,1.17685,1.1769100000000001
EUR/USD,20180608 20:15:31.092,1.17686,1.1769100000000001
EUR/USD,20180608 20:20:31.190,1.17686,1.1769
EUR/USD,20180608 20:25:36.046,1.17697,1.1770100000000001
EUR/USD,20180608 20:30:42.887,1.17705,1.17709
EUR/USD,20180608 20:35:55.018,1.177,1.17706
EUR/USD,20180608 20:41:07.127,1.1770200000000002,1.17706
EUR/USD,20180608 20:46:16.140,1.17695,1.1770399999999999
EUR/USD,20180608 20:51:16.161,1.1771399999999999,1.17719
EUR/USD,20180608 20:56:16.531,1.1769399999999999,1.17699
EUR/USD,20180610 21:01:30.969,1.1773200000000001,1.1776
EUR/USD,20180610 21:06:35.216,1.17734,1.17747
EUR/USD,20180610 21:11:42.682,1.17733,1.17755
EUR/USD,20180610 21:16:53.904,1.17733,1.17755
EUR/USD,20180610 21:22:26.600,1.1773200000000001,1.17754
EUR/USD,20180610 21:27:29.396,1.17747,1.17757
EUR/USD,20180610 21:32:33.705,1.17743,1.1775200000000001
EUR/USD,20180610 21:37:34.739,1.1773200000000001,1.17745
EUR/USD,20180610 21:42:52.508,1.17741,1.1775
EUR/USD,20180610 21:48:08.622,1.1774200000000001,1.1775
EUR/USD,20180610 21:53:22.263,1.17749,1.17755
EUR/USD,20180610 21:58:22.607,1.17749,1.17753
EUR/USD,20180610 22:03:25.997,1.1774200000000001,1.1774799999999999
EUR/USD,20180610 22:08:30.384,1.17733,1.1773799999999999
EUR/USD,20180610 22:13:32.054,1.1773200000000001,1.17739
EUR/USD,20180610 22:18:42.089,1.17737,1.17744
EUR/USD,20180610 22:23:53.228,1.17739,1.17743
EUR/USD,20180610 22:28:54.613,1.17734,1.17739
EUR/USD,20180610 22:33:56.944,1.1774,1.17747
EUR/USD,20180610 22:39:06.041,1.17727,1.17735
EUR/USD,20180610 22:44:24.763,1.17727,1.17733
EUR/USD,20180610 22:49:30.791,1.1771399999999999,1.17719
EUR/USD,20180610 22:54:31.104,1.1771399999999999,1.17718
EUR/USD,20180610 22:59:31.645,1.17711,1.17716
EUR/USD,20180610 23:04:49.367,1.17735,1.1774
EUR/USD,20180610 23:09:51.855,1.17746,1.17751
EUR/USD,20180610 23:14:52.419,1.17747,1.17753
EUR/USD,20180610 23:19:53.055,1.1775799999999998,1.17763
EUR/USD,20180610 23:25:01.133,1.17743,1.17749
EUR/USD,20180610 23:30:02.067,1.17739,1.1774200000000001
EUR/USD,20180610 23:35:16.917,1.17753,1.17759
EUR/USD,20180610 23:40:18.336,1.1778899999999999,1.17793
EUR/USD,20180610 23:45:21.524,1.17829,1.17834
EUR/USD,20180610 23:50:33.677,1.17844,1.17851
EUR/USD,20180610 23:55:46.140,1.17841,1.1784299999999999
EUR/USD,20180611 00:00:47.621,1.17832,1.17838
EUR/USD,20180611 00:05:52.424,1.17812,1.1781700000000002
EUR/USD,20180611 00:10:53.730,1.17825,1.17829
EUR/USD,20180611 00:16:06.752,1.1785,1.1785299999999999
EUR/USD,20180611 00:21:08.083,1.17844,1.17849
EUR/USD,20180611 00:26:09.127,1.17829,1.1783299999999999
EUR/USD,20180611 00:31:09.824,1.17831,1.17835
EUR/USD,20180611 00:36:16.365,1.1785299999999999,1.17856
EUR/USD,20180611 00:41:25.380,1.17866,1.17869
EUR/USD,20180611 00:46:31.249,1.17903,1.17907
EUR/USD,20180611 00:51:32.041,1.17961,1.17965
EUR/USD,20180611 00:56:35.329,1.1795200000000001,1.17956
EUR/USD,20180611 01:01:35.896,1.17995,1.18
EUR/USD,20180611 01:06:36.419,1.1799,1.17992
EUR/USD,20180611 01:11:37.509,1.1799,1.17995
EUR/USD,20180611 01:16:37.649,1.17985,1.1798799999999998
EUR/USD,20180611 01:21:39.479,1.1796799999999998,1.17971
EUR/USD,20180611 01:26:41.217,1.1798,1.17983
EUR/USD,20180611 01:31:41.258,1.17972,1.1797600000000001
EUR/USD,20180611 01:36:44.506,1.1798600000000001,1.17991
EUR/USD,20180611 01:41:44.889,1.1800899999999999,1.18012
EUR/USD,20180611 01:46:45.577,1.18036,1.18038
EUR/USD,20180611 01:52:00.308,1.18038,1.1804299999999999
EUR/USD,20180611 01:57:13.832,1.18062,1.18069
EUR/USD,20180611 02:02:16.925,1.18048,1.18052
EUR/USD,20180611 02:07:19.168,1.1800700000000002,1.18013
EUR/USD,20180611 02:12:19.173,1.18001,1.18005
EUR/USD,20180611 02:17:26.811,1.1800700000000002,1.18013
EUR/USD,20180611 02:22:32.715,1.18002,1.1800700000000002
EUR/USD,20180611 02:27:33.243,1.17992,1.17994
EUR/USD,20180611 02:32:33.255,1.1799,1.17993
EUR/USD,20180611 02:37:33.566,1.1797799999999998,1.17982
EUR/USD,20180611 02:42:33.619,1.1798,1.17983
EUR/USD,20180611 02:47:41.059,1.17965,1.17969
EUR/USD,20180611 02:52:41.119,1.17956,1.1796
EUR/USD,20180611 02:57:44.078,1.17971,1.17974
EUR/USD,20180611 03:02:44.578,1.17941,1.17945
EUR/USD,20180611 03:07:44.773,1.17946,1.17949
EUR/USD,20180611 03:12:46.849,1.1794200000000001,1.17945
EUR/USD,20180611 03:17:50.324,1.1794799999999999,1.17951
EUR/USD,20180611 03:22:54.806,1.1795,1.17953
EUR/USD,20180611 03:28:01.418,1.1793799999999999,1.17943
EUR/USD,20180611 03:33:09.671,1.17931,1.17934
EUR/USD,20180611 03:38:32.800,1.17923,1.1792799999999999
EUR/USD,20180611 03:43:36.530,1.17919,1.17923
EUR/USD,20180611 03:48:40.779,1.17924,1.1792799999999999
EUR/USD,20180611 03:53:46.545,1.17931,1.17933
EUR/USD,20180611 03:59:02.206,1.1793,1.17934
EUR/USD,20180611 04:04:06.240,1.17919,1.1792200000000002
EUR/USD,20180611 04:09:08.492,1.17905,1.17905
EUR/USD,20180611 04:14:09.480,1.17925,1.1792799999999999
EUR/USD,20180611 04:19:23.458,1.1792,1.17923
EUR/USD,20180611 04:24:33.672,1.17923,1.17929
EUR/USD,20180611 04:29:39.489,1.17924,1.1792799999999999
EUR/USD,20180611 04:34:43.650,1.17941,1.17944
EUR/USD,20180611 04:39:44.188,1.1798,1.17983
EUR/USD,20180611 04:44:47.699,1.1797,1.17974
EUR/USD,20180611 04:49:53.995,1.1796799999999998,1.17972
EUR/USD,20180611 04:54:54.020,1.17982,1.17985
EUR/USD,20180611 04:59:57.948,1.17985,1.1798799999999998
EUR/USD,20180611 05:05:11.408,1.17969,1.17973
EUR/USD,20180611 05:10:21.124,1.17964,1.17969
EUR/USD,20180611 05:15:22.242,1.17982,1.17985
EUR/USD,20180611 05:20:28.854,1.1797600000000001,1.1798
EUR/USD,20180611 05:25:32.346,1.17975,1.17977
EUR/USD,20180611 05:30:34.507,1.1798899999999999,1.17993
EUR/USD,20180611 05:35:41.616,1.17972,1.17974
EUR/USD,20180611 05:40:45.832,1.17967,1.17969
EUR/USD,20180611 05:45:52.840,1.1795200000000001,1.17957
EUR/USD,20180611 05:50:56.687,1.17935,1.17937
EUR/USD,20180611 05:56:04.320,1.17945,1.1794799999999999
EUR/USD,20180611 06:01:04.425,1.17903,1.17906
EUR/USD,20180611 06:06:05.073,1.1805299999999999,1.18054
EUR/USD,20180611 06:11:05.097,1.18048,1.18052
EUR/USD,20180611 06:16:05.518,1.18115,1.18118
EUR/USD,20180611 06:21:06.802,1.18109,1.18113
EUR/USD,20180611 06:26:10.532,1.18076,1.1808
EUR/USD,20180611 06:31:16.868,1.18082,1.18087
EUR/USD,20180611 06:36:19.055,1.1809,1.18093
EUR/USD,20180611 06:41:20.044,1.1813799999999999,1.1814
EUR/USD,20180611 06:46:21.803,1.18072,1.18074
EUR/USD,20180611 06:51:22.082,1.1809100000000001,1.1809399999999999
EUR/USD,20180611 06:56:31.030,1.18119,1.18123
EUR/USD,20180611 07:01:35.465,1.18106,1.18109
EUR/USD,20180611 07:06:37.595,1.18079,1.18082
EUR/USD,20180611 07:11:38.233,1.18129,1.1813200000000001
EUR/USD,20180611 07:16:38.240,1.18172,1.18174
EUR/USD,20180611 07:21:38.319,1.18161,1.18164
EUR/USD,20180611 07:26:38.975,1.18151,1.18153
EUR/USD,20180611 07:31:40.431,1.1814,1.18143
EUR/USD,20180611 07:36:54.251,1.18078,1.18084
EUR/USD,20180611 07:41:55.236,1.1810399999999999,1.18107
EUR/USD,20180611 07:46:56.014,1.18129,1.18131
EUR/USD,20180611 07:51:56.729,1.1808299999999998,1.18087
EUR/USD,20180611 07:57:01.746,1.18038,1.1804
EUR/USD,20180611 08:02:02.820,1.18023,1.18026
EUR/USD,20180611 08:07:03.077,1.18078,1.1808100000000001
EUR/USD,20180611 08:12:04.468,1.18115,1.18117
EUR/USD,20180611 08:17:04.513,1.1810399999999999,1.18107
EUR/USD,20180611 08:22:06.459,1.18065,1.18068
EUR/USD,20180611 08:27:09.640,1.1811,1.1811399999999999
EUR/USD,20180611 08:32:09.788,1.18008,1.18011
EUR/USD,20180611 08:37:11.778,1.17946,1.1794799999999999
EUR/USD,20180611 08:42:14.471,1.17974,1.1797600000000001
EUR/USD,20180611 08:47:16.972,1.17973,1.17975
EUR/USD,20180611 08:52:17.221,1.17979,1.17982
EUR/USD,20180611 08:57:18.050,1.17939,1.17943
EUR/USD,20180611 09:02:18.117,1.1781700000000002,1.1782
EUR/USD,20180611 09:07:19.377,1.17878,1.1788
EUR/USD,20180611 09:12:20.134,1.1788399999999999,1.17885
EUR/USD,20180611 09:17:20.185,1.17905,1.17907
EUR/USD,20180611 09:22:21.581,1.1789100000000001,1.17893
EUR/USD,20180611 09:27:22.257,1.1787299999999998,1.17876
EUR/USD,20180611 09:32:22.534,1.17836,1.17839
EUR/USD,20180611 09:37:22.615,1.17831,1.1783299999999999
EUR/USD,20180611 09:42:23.591,1.17845,1.17848
EUR/USD,20180611 09:47:23.844,1.1786299999999998,1.17867
EUR/USD,20180611 09:52:24.187,1.17846,1.17849
EUR/USD,20180611 09:57:26.066,1.17896,1.179
EUR/USD,20180611 10:02:26.087,1.17911,1.17913
EUR/USD,20180611 10:07:35.482,1.1789399999999999,1.17896
EUR/USD,20180611 10:12:36.912,1.17973,1.17975
EUR/USD,20180611 10:17:43.509,1.17896,1.17899
EUR/USD,20180611 10:22:46.501,1.17908,1.1791200000000002
EUR/USD,20180611 10:27:47.934,1.1788299999999998,1.17886
EUR/USD,20180611 10:32:50.673,1.17852,1.17854
EUR/USD,20180611 10:37:53.917,1.17861,1.1786299999999998
EUR/USD,20180611 10:42:54.336,1.17821,1.17826
EUR/USD,20180611 10:48:03.427,1.1783,1.1783299999999999
EUR/USD,20180611 10:53:05.483,1.1785,1.1785299999999999
EUR/USD,20180611 10:58:06.019,1.17879,1.17882
EUR/USD,20180611 11:03:06.508,1.17791,1.17795
EUR/USD,20180611 11:08:07.312,1.17791,1.17795
EUR/USD,20180611 11:13:14.145,1.17813,1.17815
EUR/USD,20180611 11:18:15.411,1.17835,1.17838
EUR/USD,20180611 11:23:17.108,1.17869,1.1787100000000001
EUR/USD,20180611 11:28:21.091,1.1786299999999998,1.17867
EUR/USD,20180611 11:33:22.986,1.17849,1.17854
EUR/USD,20180611 11:38:24.056,1.17868,1.1787
EUR/USD,20180611 11:43:25.604,1.17864,1.17866
EUR/USD,20180611 11:48:27.726,1.17854,1.17855
EUR/USD,20180611 11:53:29.399,1.17815,1.17818
EUR/USD,20180611 11:58:30.065,1.1782700000000002,1.1783
EUR/USD,20180611 12:03:30.534,1.17773,1.17775
EUR/USD,20180611 12:08:34.362,1.1779,1.17793
EUR/USD,20180611 12:13:34.817,1.17869,1.17872
EUR/USD,20180611 12:18:34.873,1.17874,1.17877
EUR/USD,20180611 12:23:36.079,1.1790200000000002,1.1790399999999999
EUR/USD,20180611 12:28:43.082,1.1793200000000001,1.17935
EUR/USD,20180611 12:33:43.187,1.1792200000000002,1.17925
EUR/USD,20180611 12:38:43.222,1.1787299999999998,1.17874
EUR/USD,20180611 12:43:43.233,1.1790200000000002,1.1790399999999999
EUR/USD,20180611 12:48:44.693,1.17864,1.17867
EUR/USD,20180611 12:53:45.018,1.17915,1.17917
EUR/USD,20180611 12:58:45.345,1.17963,1.17966
EUR/USD,20180611 13:03:45.436,1.1798600000000001,1.17987
EUR/USD,20180611 13:08:47.049,1.17969,1.17973
EUR/USD,20180611 13:13:49.282,1.1797,1.17972
EUR/USD,20180611 13:18:57.385,1.1795,1.1795200000000001
EUR/USD,20180611 13:24:00.016,1.18022,1.18026
EUR/USD,20180611 13:29:01.850,1.18015,1.18018
EUR/USD,20180611 13:34:01.884,1.18046,1.1805
EUR/USD,20180611 13:39:01.947,1.1799899999999999,1.18002
EUR/USD,20180611 13:44:03.450,1.18059,1.1806299999999998
EUR/USD,20180611 13:49:05.661,1.18039,1.18041
EUR/USD,20180611 13:54:08.593,1.1807299999999998,1.18076
EUR/USD,20180611 13:59:08.665,1.18076,1.1808
EUR/USD,20180611 14:04:10.121,1.1807299999999998,1.18076
EUR/USD,20180611 14:09:11.326,1.18023,1.1802700000000002
EUR/USD,20180611 14:14:11.553,1.1799899999999999,1.18002
EUR/USD,20180611 14:19:12.808,1.18021,1.18021
EUR/USD,20180611 14:24:13.146,1.1804700000000001,1.18049
EUR/USD,20180611 14:29:14.047,1.18121,1.18123
EUR/USD,20180611 14:34:16.113,1.18082,1.18084
EUR/USD,20180611 14:39:16.176,1.18038,1.18041
EUR/USD,20180611 14:44:16.317,1.18045,1.18049
EUR/USD,20180611 14:49:16.377,1.18068,1.18072
EUR/USD,20180611 14:54:17.020,1.18085,1.18087
EUR/USD,20180611 14:59:17.982,1.1803700000000001,1.1804
EUR/USD,20180611 15:04:18.086,1.18071,1.18074
EUR/USD,20180611 15:09:18.182,1.18076,1.18079
EUR/USD,20180611 15:14:23.512,1.1806,1.18061
EUR/USD,20180611 15:19:24.122,1.1809100000000001,1.18092
EUR/USD,20180611 15:24:24.466,1.1806,1.18061
EUR/USD,20180611 15:29:27.937,1.1807299999999998,1.18077
EUR/USD,20180611 15:34:28.362,1.18041,1.18044
EUR/USD,20180611 15:39:29.665,1.18058,1.1806
EUR/USD,20180611 15:44:32.235,1.1798799999999998,1.17991
EUR/USD,20180611 15:49:33.947,1.18014,1.18018
EUR/USD,20180611 15:54:39.140,1.1799899999999999,1.18002
EUR/USD,20180611 15:59:40.721,1.18016,1.1801700000000002
EUR/USD,20180611 16:04:40.936,1.17992,1.17995
EUR/USD,20180611 16:09:41.274,1.17943,1.17945
EUR/USD,20180611 16:14:41.757,1.17926,1.17929
EUR/USD,20180611 16:19:42.488,1.17918,1.1792200000000002
EUR/USD,20180611 16:24:45.640,1.17913,1.17916
EUR/USD,20180611 16:29:46.001,1.1789399999999999,1.17897
EUR/USD,20180611 16:34:46.229,1.1787,1.17874
EUR/USD,20180611 16:39:47.570,1.17867,1.1787
EUR/USD,20180611 16:44:47.796,1.17838,1.1784
EUR/USD,20180611 16:49:48.175,1.17828,1.1783
EUR/USD,20180611 16:54:53.774,1.17866,1.1787
EUR/USD,20180611 16:59:53.820,1.17879,1.1788
EUR/USD,20180611 17:04:54.527,1.17876,1.17878
EUR/USD,20180611 17:09:54.972,1.1787,1.1787299999999998
EUR/USD,20180611 17:14:55.549,1.17878,1.1788
EUR/USD,20180611 17:19:56.188,1.17852,1.17855
EUR/USD,20180611 17:25:00.531,1.17854,1.17856
EUR/USD,20180611 17:30:00.663,1.17845,1.17849
EUR/USD,20180611 17:35:01.193,1.17849,1.17851
EUR/USD,20180611 17:40:04.314,1.1784,1.17844
EUR/USD,20180611 17:45:06.143,1.17869,1.17874
EUR/USD,20180611 17:50:07.203,1.1783299999999999,1.17836
EUR/USD,20180611 17:55:08.801,1.1783700000000001,1.17839
EUR/USD,20180611 18:00:09.576,1.17841,1.1784299999999999
EUR/USD,20180611 18:05:14.406,1.1785,1.17854
EUR/USD,20180611 18:10:17.177,1.1788,1.1788299999999998
EUR/USD,20180611 18:15:18.880,1.1789,1.17893
EUR/USD,20180611 18:20:20.634,1.17869,1.17872
EUR/USD,20180611 18:25:20.970,1.17856,1.17859
EUR/USD,20180611 18:30:27.708,1.17848,1.1785299999999999
EUR/USD,20180611 18:35:28.916,1.17876,1.17879
EUR/USD,20180611 18:40:31.624,1.17862,1.1786299999999998
EUR/USD,20180611 18:45:31.655,1.1785,1.17854
EUR/USD,20180611 18:50:33.944,1.1785,1.17855
EUR/USD,20180611 18:55:37.015,1.17859,1.1786299999999998
EUR/USD,20180611 19:00:37.651,1.17862,1.17866
EUR/USD,20180611 19:05:37.980,1.1783700000000001,1.17838
EUR/USD,20180611 19:10:41.432,1.1784700000000001,1.17851
EUR/USD,20180611 19:15:42.363,1.17845,1.17848
EUR/USD,20180611 19:20:49.658,1.17859,1.17861
EUR/USD,20180611 19:25:53.244,1.17865,1.1787100000000001
EUR/USD,20180611 19:31:01.045,1.17845,1.1785
EUR/USD,20180611 19:36:01.111,1.17867,1.17869
EUR/USD,20180611 19:41:05.946,1.17867,1.1787299999999998
EUR/USD,20180611 19:46:16.121,1.17862,1.17866
EUR/USD,20180611 19:51:17.966,1.17854,1.17858
EUR/USD,20180611 19:56:21.655,1.17849,1.17854
EUR/USD,20180611 20:01:29.106,1.17844,1.1784700000000001
EUR/USD,20180611 20:06:38.537,1.17845,1.1785
EUR/USD,20180611 20:11:52.063,1.1785,1.1785299999999999
EUR/USD,20180611 20:17:20.018,1.17855,1.1786
EUR/USD,20180611 20:22:21.720,1.1786,1.17864
EUR/USD,20180611 20:27:39.539,1.17842,1.1784700000000001
EUR/USD,20180611 20:33:01.922,1.1785,1.1785299999999999
EUR/USD,20180611 20:38:02.733,1.17845,1.17851
EUR/USD,20180611 20:43:05.329,1.17844,1.17848
EUR/USD,20180611 20:48:16.287,1.17839,1.17841
EUR/USD,20180611 20:53:16.528,1.1783700000000001,1.17839
EUR/USD,20180611 20:58:16.556,1.1784700000000001,1.17849
EUR/USD,20180611 21:03:29.707,1.1783700000000001,1.17851
EUR/USD,20180611 21:08:36.540,1.17838,1.17839
EUR/USD,20180611 21:15:01.508,1.17836,1.1784
EUR/USD,20180611 21:20:33.562,1.1783299999999999,1.17838
EUR/USD,20180611 21:27:59.231,1.1783299999999999,1.1783700000000001
EUR/USD,20180611 21:33:18.307,1.1783,1.1783700000000001
EUR/USD,20180611 21:38:21.108,1.17844,1.17855
EUR/USD,20180611 21:43:26.215,1.1782700000000002,1.1783700000000001
EUR/USD,20180611 21:48:29.612,1.17818,1.17835
EUR/USD,20180611 21:53:31.761,1.17818,1.17831
EUR/USD,20180611 21:58:34.948,1.1782,1.17826
EUR/USD,20180611 22:03:37.541,1.17803,1.1780899999999999
EUR/USD,20180611 22:08:49.771,1.17814,1.17819
EUR/USD,20180611 22:13:53.526,1.17784,1.1778899999999999
EUR/USD,20180611 22:18:55.330,1.17755,1.1776200000000001
EUR/USD,20180611 22:24:00.082,1.1776200000000001,1.17766
EUR/USD,20180611 22:29:00.368,1.17754,1.17761
EUR/USD,20180611 22:34:13.697,1.17759,1.17763
EUR/USD,20180611 22:39:13.847,1.17729,1.17735
EUR/USD,20180611 22:44:35.267,1.17735,1.17739
EUR/USD,20180611 22:49:35.505,1.1773,1.17735
EUR/USD,20180611 22:54:59.231,1.1774,1.17745
EUR/USD,20180611 23:00:00.751,1.1775,1.17753
EUR/USD,20180611 23:05:01.178,1.17764,1.17767
EUR/USD,20180611 23:10:11.543,1.17771,1.1777600000000001
EUR/USD,20180611 23:15:14.402,1.1776,1.17763
EUR/USD,20180611 23:20:20.290,1.17759,1.1776200000000001
EUR/USD,20180611 23:25:26.889,1.17753,1.17759
EUR/USD,20180611 23:30:29.090,1.17745,1.1775
