EUR/USD,20180101 22:01:01.051,1.20094,1.20116
EUR/USD,20180101 22:06:01.300,1.20049,1.2008299999999998
EUR/USD,20180101 22:11:07.578,1.2007299999999999,1.20123
EUR/USD,20180101 22:16:13.453,1.2003,1.20094
EUR/USD,20180101 22:21:14.455,1.20052,1.20086
EUR/USD,20180101 22:26:17.643,1.2004700000000001,1.2007700000000001
EUR/USD,20180101 22:31:18.373,1.20068,1.2008299999999998
EUR/USD,20180101 22:36:18.472,1.20135,1.20146
EUR/USD,20180101 22:41:21.552,1.20133,1.20171
EUR/USD,20180101 22:46:51.584,1.20134,1.20173
EUR/USD,20180101 22:52:20.118,1.20133,1.2015200000000001
EUR/USD,20180101 22:57:23.462,1.20141,1.20153
EUR/USD,20180101 23:02:23.932,1.20055,1.2006299999999999
EUR/USD,20180101 23:07:35.903,1.20081,1.2009
EUR/USD,20180101 23:12:38.083,1.20085,1.2009100000000001
EUR/USD,20180101 23:17:38.257,1.20147,1.20149
EUR/USD,20180101 23:22:38.324,1.20107,1.2011
EUR/USD,20180101 23:27:39.801,1.20115,1.20121
EUR/USD,20180101 23:32:40.508,1.20138,1.20144
EUR/USD,20180101 23:37:46.687,1.20119,1.20123
EUR/USD,20180101 23:42:58.793,1.2011,1.20115
EUR/USD,20180101 23:48:08.458,1.20102,1.20107
EUR/USD,20180101 23:53:08.471,1.20098,1.2010399999999999
EUR/USD,20180101 23:58:12.522,1.2010299999999998,1.20107
EUR/USD,20180102 00:03:14.526,1.2009100000000001,1.20096
EUR/USD,20180102 00:08:19.470,1.20108,1.20115
EUR/USD,20180102 00:13:26.345,1.20115,1.20121
EUR/USD,20180102 00:18:26.853,1.20153,1.20157
EUR/USD,20180102 00:23:29.625,1.20156,1.20161
EUR/USD,20180102 00:28:36.475,1.20149,1.20155
EUR/USD,20180102 00:33:52.563,1.2014200000000002,1.20144
EUR/USD,20180102 00:38:52.571,1.20138,1.20141
EUR/USD,20180102 00:43:52.573,1.20128,1.20133
EUR/USD,20180102 00:49:12.174,1.20118,1.2012200000000002
EUR/USD,20180102 00:54:29.328,1.20123,1.20128
EUR/USD,20180102 00:59:29.773,1.20163,1.20166
EUR/USD,20180102 01:04:36.847,1.20185,1.20191
EUR/USD,20180102 01:09:37.011,1.20212,1.20215
EUR/USD,20180102 01:14:38.030,1.20223,1.2022700000000002
EUR/USD,20180102 01:19:39.761,1.20228,1.20232
EUR/USD,20180102 01:24:51.061,1.2021899999999999,1.20223
EUR/USD,20180102 01:29:51.457,1.2022700000000002,1.2023
EUR/USD,20180102 01:34:53.078,1.20189,1.20193
EUR/USD,20180102 01:39:58.316,1.2019,1.20194
EUR/USD,20180102 01:45:00.254,1.2019,1.20194
EUR/USD,20180102 01:50:05.447,1.20193,1.2019600000000001
EUR/USD,20180102 01:55:06.612,1.2017,1.20174
EUR/USD,20180102 02:00:08.849,1.20161,1.20163
EUR/USD,20180102 02:05:11.967,1.20141,1.20144
EUR/USD,20180102 02:10:12.337,1.2013,1.20131
EUR/USD,20180102 02:15:14.895,1.20119,1.2012399999999999
EUR/USD,20180102 02:20:17.107,1.2010299999999998,1.20106
EUR/USD,20180102 02:25:23.289,1.2010399999999999,1.20108
EUR/USD,20180102 02:30:23.568,1.20117,1.20119
EUR/USD,20180102 02:35:25.590,1.20115,1.20117
EUR/USD,20180102 02:40:41.886,1.20116,1.2012
EUR/USD,20180102 02:45:47.072,1.2009299999999998,1.20098
EUR/USD,20180102 02:50:52.168,1.20085,1.20088
EUR/USD,20180102 02:55:54.639,1.20098,1.20102
EUR/USD,20180102 03:01:01.764,1.20095,1.20097
EUR/USD,20180102 03:06:02.147,1.20125,1.20125
EUR/USD,20180102 03:11:05.079,1.20171,1.20173
EUR/USD,20180102 03:16:06.501,1.20156,1.20157
EUR/USD,20180102 03:21:08.837,1.20192,1.20197
EUR/USD,20180102 03:26:15.615,1.2020899999999999,1.2021
EUR/USD,20180102 03:31:20.252,1.20197,1.20201
EUR/USD,20180102 03:36:24.981,1.20191,1.2019600000000001
EUR/USD,20180102 03:41:38.305,1.20192,1.20194
EUR/USD,20180102 03:46:42.841,1.20175,1.20179
EUR/USD,20180102 03:51:42.844,1.20164,1.20166
EUR/USD,20180102 03:56:49.067,1.20143,1.20146
EUR/USD,20180102 04:01:49.232,1.20136,1.20139
EUR/USD,20180102 04:06:49.476,1.20128,1.2013200000000002
EUR/USD,20180102 04:11:54.980,1.20151,1.20154
EUR/USD,20180102 04:16:56.141,1.20156,1.2016
EUR/USD,20180102 04:21:57.199,1.2019,1.20192
EUR/USD,20180102 04:26:57.603,1.20187,1.20193
EUR/USD,20180102 04:31:58.074,1.2015,1.20155
EUR/USD,20180102 04:37:02.835,1.20149,1.20154
EUR/USD,20180102 04:42:14.920,1.20146,1.2015
EUR/USD,20180102 04:47:16.752,1.20166,1.20169
EUR/USD,20180102 04:52:21.488,1.2016,1.20164
EUR/USD,20180102 04:57:28.442,1.20163,1.20165
EUR/USD,20180102 05:02:34.731,1.2017799999999998,1.20182
EUR/USD,20180102 05:07:36.526,1.20166,1.20169
EUR/USD,20180102 05:12:44.865,1.20174,1.20177
EUR/USD,20180102 05:17:58.554,1.20167,1.2017
EUR/USD,20180102 05:23:00.978,1.20176,1.2018
EUR/USD,20180102 05:28:06.715,1.20182,1.20185
EUR/USD,20180102 05:33:09.325,1.20185,1.20189
EUR/USD,20180102 05:38:10.583,1.20183,1.20187
EUR/USD,20180102 05:43:17.274,1.2019,1.20197
EUR/USD,20180102 05:48:19.047,1.20218,1.20222
EUR/USD,20180102 05:53:19.101,1.20226,1.20226
EUR/USD,20180102 05:58:19.293,1.20238,1.20241
EUR/USD,20180102 06:03:20.797,1.20265,1.20268
EUR/USD,20180102 06:08:27.685,1.20268,1.20272
EUR/USD,20180102 06:13:27.709,1.20279,1.20282
EUR/USD,20180102 06:18:27.724,1.20262,1.20265
EUR/USD,20180102 06:23:27.829,1.20264,1.20268
EUR/USD,20180102 06:28:29.244,1.20245,1.2025
EUR/USD,20180102 06:33:41.486,1.2022700000000002,1.20232
EUR/USD,20180102 06:38:52.962,1.20242,1.20246
EUR/USD,20180102 06:43:54.382,1.20251,1.20255
EUR/USD,20180102 06:48:57.265,1.20236,1.20241
EUR/USD,20180102 06:54:03.105,1.2027,1.20272
EUR/USD,20180102 06:59:03.227,1.20294,1.20299
EUR/USD,20180102 07:04:03.388,1.20284,1.20288
EUR/USD,20180102 07:09:03.433,1.20305,1.20308
EUR/USD,20180102 07:14:06.191,1.20285,1.20288
EUR/USD,20180102 07:19:07.732,1.20256,1.20261
EUR/USD,20180102 07:24:08.265,1.2028299999999998,1.20285
EUR/USD,20180102 07:29:08.363,1.20302,1.20306
EUR/USD,20180102 07:34:08.408,1.20281,1.20285
EUR/USD,20180102 07:39:09.554,1.20268,1.20272
EUR/USD,20180102 07:44:10.135,1.2036,1.20361
EUR/USD,20180102 07:49:10.882,1.20355,1.20359
EUR/USD,20180102 07:54:14.165,1.20374,1.20376
EUR/USD,20180102 07:59:19.497,1.2035200000000001,1.20356
EUR/USD,20180102 08:04:20.163,1.2035,1.20354
EUR/USD,20180102 08:09:20.287,1.20327,1.20329
EUR/USD,20180102 08:14:21.656,1.20357,1.20361
EUR/USD,20180102 08:19:23.663,1.2035,1.20354
EUR/USD,20180102 08:24:24.087,1.20374,1.20377
EUR/USD,20180102 08:29:25.154,1.20417,1.2041899999999999
EUR/USD,20180102 08:34:25.743,1.20413,1.2041600000000001
EUR/USD,20180102 08:39:27.236,1.20449,1.20451
EUR/USD,20180102 08:44:27.532,1.20449,1.20451
EUR/USD,20180102 08:49:28.975,1.20468,1.20471
EUR/USD,20180102 08:54:35.164,1.20443,1.2044700000000002
EUR/USD,20180102 08:59:35.316,1.20449,1.20451
EUR/USD,20180102 09:04:37.911,1.20469,1.2047299999999999
EUR/USD,20180102 09:09:37.912,1.20485,1.20487
EUR/USD,20180102 09:14:38.157,1.20492,1.20495
EUR/USD,20180102 09:19:40.212,1.2050299999999998,1.20506
EUR/USD,20180102 09:24:45.475,1.20486,1.20488
EUR/USD,20180102 09:29:49.843,1.2050299999999998,1.20507
EUR/USD,20180102 09:34:52.204,1.20505,1.20507
EUR/USD,20180102 09:39:54.264,1.20525,1.20527
EUR/USD,20180102 09:44:54.854,1.20585,1.20587
EUR/USD,20180102 09:49:56.198,1.20613,1.20618
EUR/USD,20180102 09:54:58.039,1.20626,1.2062899999999999
EUR/USD,20180102 09:59:58.348,1.20697,1.207
EUR/USD,20180102 10:04:58.388,1.20682,1.20684
EUR/USD,20180102 10:09:58.631,1.20679,1.20681
EUR/USD,20180102 10:15:06.439,1.20678,1.20681
EUR/USD,20180102 10:20:07.619,1.20644,1.2064700000000002
EUR/USD,20180102 10:25:07.824,1.2065,1.20652
EUR/USD,20180102 10:30:08.311,1.20684,1.20688
EUR/USD,20180102 10:35:09.883,1.20754,1.2075799999999999
EUR/USD,20180102 10:40:10.131,1.20733,1.20736
EUR/USD,20180102 10:45:10.651,1.20775,1.2078
EUR/USD,20180102 10:50:11.593,1.20777,1.20779
EUR/USD,20180102 10:55:11.643,1.2071100000000001,1.2071399999999999
EUR/USD,20180102 11:00:12.581,1.20694,1.20697
EUR/USD,20180102 11:05:14.013,1.2066,1.20662
EUR/USD,20180102 11:10:16.413,1.2067,1.2067299999999999
EUR/USD,20180102 11:15:23.830,1.20639,1.2064
EUR/USD,20180102 11:20:23.884,1.2065299999999999,1.20655
EUR/USD,20180102 11:25:24.639,1.20639,1.20642
EUR/USD,20180102 11:30:24.761,1.20662,1.20665
EUR/USD,20180102 11:35:29.806,1.20655,1.20659
EUR/USD,20180102 11:40:35.158,1.20676,1.20679
EUR/USD,20180102 11:45:38.202,1.20655,1.2065700000000001
EUR/USD,20180102 11:50:38.621,1.20643,1.20646
EUR/USD,20180102 11:55:38.830,1.20634,1.2063700000000002
EUR/USD,20180102 12:00:39.754,1.2059799999999998,1.20599
EUR/USD,20180102 12:05:40.835,1.20584,1.20587
EUR/USD,20180102 12:10:40.894,1.2061899999999999,1.20622
EUR/USD,20180102 12:15:42.478,1.20624,1.2062700000000002
EUR/USD,20180102 12:20:43.299,1.20584,1.2058799999999998
EUR/USD,20180102 12:25:43.313,1.2061600000000001,1.2061899999999999
EUR/USD,20180102 12:30:43.720,1.20628,1.20631
EUR/USD,20180102 12:35:43.878,1.20666,1.20668
EUR/USD,20180102 12:40:45.325,1.20642,1.20645
EUR/USD,20180102 12:45:47.898,1.20638,1.20641
EUR/USD,20180102 12:50:49.176,1.20661,1.2066299999999999
EUR/USD,20180102 12:55:50.515,1.20674,1.2067700000000001
EUR/USD,20180102 13:00:54.243,1.20617,1.2061899999999999
EUR/USD,20180102 13:05:55.995,1.20626,1.2062899999999999
EUR/USD,20180102 13:10:57.759,1.20617,1.20618
EUR/USD,20180102 13:16:00.236,1.20643,1.20645
EUR/USD,20180102 13:21:00.376,1.2062700000000002,1.2062899999999999
EUR/USD,20180102 13:26:02.006,1.20587,1.20589
EUR/USD,20180102 13:31:02.239,1.20611,1.20615
EUR/USD,20180102 13:36:02.352,1.20631,1.20635
EUR/USD,20180102 13:41:02.396,1.20651,1.2065299999999999
EUR/USD,20180102 13:46:12.292,1.20644,1.20648
EUR/USD,20180102 13:51:12.481,1.20645,1.20648
EUR/USD,20180102 13:56:12.513,1.20594,1.20595
EUR/USD,20180102 14:01:13.917,1.2056200000000001,1.20564
EUR/USD,20180102 14:06:14.265,1.2053200000000002,1.2053399999999999
EUR/USD,20180102 14:11:16.357,1.20569,1.2057200000000001
EUR/USD,20180102 14:16:16.433,1.20489,1.20491
EUR/USD,20180102 14:21:17.293,1.2046,1.2046299999999999
EUR/USD,20180102 14:26:18.239,1.2046299999999999,1.2046299999999999
EUR/USD,20180102 14:31:18.486,1.20484,1.20487
EUR/USD,20180102 14:36:18.528,1.20466,1.20468
EUR/USD,20180102 14:41:18.777,1.20452,1.20455
EUR/USD,20180102 14:46:19.101,1.20474,1.20476
EUR/USD,20180102 14:51:23.857,1.20431,1.20435
EUR/USD,20180102 14:56:26.265,1.20379,1.2038
EUR/USD,20180102 15:01:26.419,1.20393,1.2039600000000001
EUR/USD,20180102 15:06:26.756,1.20376,1.20377
EUR/USD,20180102 15:11:28.572,1.20404,1.2040600000000001
EUR/USD,20180102 15:16:29.981,1.20367,1.20369
EUR/USD,20180102 15:21:30.090,1.20367,1.2037
EUR/USD,20180102 15:26:30.169,1.20367,1.20371
EUR/USD,20180102 15:31:30.494,1.2029100000000001,1.20295
EUR/USD,20180102 15:36:35.370,1.20289,1.20292
EUR/USD,20180102 15:41:36.435,1.2032,1.2032399999999999
EUR/USD,20180102 15:46:38.109,1.20337,1.2034
EUR/USD,20180102 15:51:40.464,1.20363,1.20366
EUR/USD,20180102 15:56:41.375,1.20356,1.20359
EUR/USD,20180102 16:01:41.562,1.20472,1.20475
EUR/USD,20180102 16:06:41.700,1.20491,1.20494
EUR/USD,20180102 16:11:42.246,1.20519,1.2052100000000001
EUR/USD,20180102 16:16:42.616,1.20515,1.20517
EUR/USD,20180102 16:21:42.631,1.20531,1.2053399999999999
EUR/USD,20180102 16:26:44.656,1.20499,1.20502
EUR/USD,20180102 16:31:45.125,1.20465,1.20469
EUR/USD,20180102 16:36:45.980,1.20482,1.20486
EUR/USD,20180102 16:41:47.133,1.20481,1.2048299999999998
EUR/USD,20180102 16:46:47.625,1.20547,1.2055
EUR/USD,20180102 16:51:47.728,1.20581,1.20583
EUR/USD,20180102 16:56:50.526,1.20512,1.20513
EUR/USD,20180102 17:01:51.513,1.20485,1.20487
EUR/USD,20180102 17:06:53.890,1.20482,1.20484
EUR/USD,20180102 17:11:54.587,1.2046,1.2046299999999999
EUR/USD,20180102 17:16:55.238,1.20482,1.20485
EUR/USD,20180102 17:21:55.250,1.20487,1.2049
EUR/USD,20180102 17:26:56.592,1.20513,1.20516
EUR/USD,20180102 17:32:00.086,1.20491,1.20495
EUR/USD,20180102 17:37:00.134,1.20476,1.20479
EUR/USD,20180102 17:42:00.809,1.20469,1.20472
EUR/USD,20180102 17:47:08.604,1.20488,1.2049
EUR/USD,20180102 17:52:10.392,1.2043700000000002,1.2044
EUR/USD,20180102 17:57:10.838,1.20434,1.2043700000000002
EUR/USD,20180102 18:02:16.095,1.2043700000000002,1.2044
EUR/USD,20180102 18:07:16.361,1.20485,1.20488
EUR/USD,20180102 18:12:20.593,1.20456,1.2046
EUR/USD,20180102 18:17:24.600,1.20442,1.20446
EUR/USD,20180102 18:22:38.861,1.2045,1.2045299999999999
EUR/USD,20180102 18:27:48.678,1.20472,1.20474
EUR/USD,20180102 18:32:52.476,1.2048,1.2048299999999998
EUR/USD,20180102 18:37:55.700,1.20478,1.2048
EUR/USD,20180102 18:43:07.252,1.20479,1.2048299999999998
EUR/USD,20180102 18:48:11.357,1.20472,1.20475
EUR/USD,20180102 18:53:14.907,1.2044700000000002,1.20452
EUR/USD,20180102 18:58:20.467,1.2042,1.20423
EUR/USD,20180102 19:03:29.886,1.20441,1.20442
EUR/USD,20180102 19:08:51.725,1.2047700000000001,1.2048
EUR/USD,20180102 19:13:53.469,1.20475,1.20479
EUR/USD,20180102 19:19:00.099,1.2045,1.2045299999999999
EUR/USD,20180102 19:24:02.294,1.20451,1.2045299999999999
EUR/USD,20180102 19:29:06.576,1.2048,1.20485
EUR/USD,20180102 19:34:10.225,1.20495,1.20497
EUR/USD,20180102 19:39:18.397,1.20491,1.20494
EUR/USD,20180102 19:44:18.434,1.20502,1.20505
EUR/USD,20180102 19:49:32.423,1.20508,1.20512
EUR/USD,20180102 19:54:33.875,1.2051100000000001,1.2051399999999999
EUR/USD,20180102 19:59:34.155,1.20523,1.20527
EUR/USD,20180102 20:04:39.038,1.2053399999999999,1.20537
EUR/USD,20180102 20:09:43.058,1.2054799999999999,1.2055200000000001
EUR/USD,20180102 20:14:48.610,1.20527,1.2053200000000002
EUR/USD,20180102 20:19:48.854,1.2052200000000002,1.20526
EUR/USD,20180102 20:24:52.917,1.20538,1.2054
EUR/USD,20180102 20:29:56.232,1.20544,1.20547
EUR/USD,20180102 20:35:00.693,1.20563,1.20566
EUR/USD,20180102 20:40:00.723,1.20555,1.2055799999999999
EUR/USD,20180102 20:45:03.040,1.20573,1.20574
EUR/USD,20180102 20:50:04.989,1.20584,1.20587
EUR/USD,20180102 20:55:08.218,1.20599,1.20602
EUR/USD,20180102 21:00:08.223,1.20594,1.20597
EUR/USD,20180102 21:05:09.801,1.2061899999999999,1.20621
EUR/USD,20180102 21:10:09.883,1.20644,1.2064700000000002
EUR/USD,20180102 21:15:12.425,1.20601,1.20604
EUR/USD,20180102 21:20:15.177,1.20581,1.20586
EUR/USD,20180102 21:25:23.081,1.20592,1.20595
EUR/USD,20180102 21:30:24.176,1.20565,1.2056799999999999
EUR/USD,20180102 21:35:28.536,1.20555,1.2055799999999999
EUR/USD,20180102 21:40:45.769,1.2057200000000001,1.20576
EUR/USD,20180102 21:45:50.069,1.20591,1.2059600000000001
EUR/USD,20180102 21:51:00.759,1.2058799999999998,1.20592
EUR/USD,20180102 21:56:13.714,1.20584,1.2058799999999998
EUR/USD,20180102 22:01:23.309,1.2058200000000001,1.20597
EUR/USD,20180102 22:10:42.584,1.2056200000000001,1.2057
EUR/USD,20180102 22:15:44.365,1.2056200000000001,1.20563
EUR/USD,20180102 22:20:44.478,1.2056,1.20567
EUR/USD,20180102 22:25:46.630,1.2056200000000001,1.20569
EUR/USD,20180102 22:30:47.244,1.2055200000000001,1.2056
EUR/USD,20180102 22:35:47.305,1.2055799999999999,1.20565
EUR/USD,20180102 22:41:02.335,1.20565,1.2057200000000001
EUR/USD,20180102 22:46:07.140,1.20567,1.20577
EUR/USD,20180102 22:51:13.589,1.20569,1.20579
EUR/USD,20180102 22:56:13.617,1.2056799999999999,1.20575
EUR/USD,20180102 23:01:14.252,1.20573,1.20576
EUR/USD,20180102 23:06:15.131,1.2057799999999999,1.20586
EUR/USD,20180102 23:11:18.582,1.20615,1.20623
EUR/USD,20180102 23:16:19.526,1.20618,1.20623
EUR/USD,20180102 23:21:20.054,1.20625,1.20631
EUR/USD,20180102 23:26:20.151,1.20636,1.2064
EUR/USD,20180102 23:31:28.376,1.20635,1.2064
EUR/USD,20180102 23:36:29.252,1.20645,1.2065
EUR/USD,20180102 23:41:34.476,1.2065700000000001,1.2066299999999999
EUR/USD,20180102 23:46:36.234,1.20646,1.20652
EUR/USD,20180102 23:51:37.863,1.20633,1.2063700000000002
EUR/USD,20180102 23:56:38.518,1.20621,1.2062700000000002
EUR/USD,20180103 00:01:41.516,1.20621,1.20624
EUR/USD,20180103 00:06:47.040,1.20618,1.20621
EUR/USD,20180103 00:11:54.319,1.20618,1.20623
EUR/USD,20180103 00:16:54.560,1.2060799999999998,1.20613
EUR/USD,20180103 00:21:55.066,1.20581,1.20586
EUR/USD,20180103 00:26:56.650,1.20533,1.20538
EUR/USD,20180103 00:32:01.378,1.2052100000000001,1.20526
EUR/USD,20180103 00:37:01.479,1.20541,1.20545
EUR/USD,20180103 00:42:04.000,1.20551,1.20554
EUR/USD,20180103 00:47:11.624,1.2056200000000001,1.20564
EUR/USD,20180103 00:52:14.324,1.20585,1.2058799999999998
EUR/USD,20180103 00:57:19.797,1.20604,1.2060600000000001
EUR/USD,20180103 01:02:20.760,1.20601,1.20605
EUR/USD,20180103 01:07:21.745,1.2062,1.20624
EUR/USD,20180103 01:12:22.123,1.2061899999999999,1.20624
EUR/USD,20180103 01:17:22.196,1.20594,1.206
EUR/USD,20180103 01:22:22.232,1.2058799999999998,1.20591
EUR/USD,20180103 01:27:22.537,1.2056799999999999,1.20573
EUR/USD,20180103 01:32:34.434,1.20564,1.2056799999999999
EUR/USD,20180103 01:37:36.052,1.20529,1.20533
EUR/USD,20180103 01:42:41.525,1.20478,1.20481
EUR/USD,20180103 01:47:47.438,1.2045700000000001,1.20462
EUR/USD,20180103 01:52:52.177,1.20481,1.2048299999999998
EUR/USD,20180103 01:57:56.397,1.2052100000000001,1.2052399999999999
EUR/USD,20180103 02:03:00.696,1.20506,1.20509
EUR/USD,20180103 02:08:12.772,1.20506,1.20509
EUR/USD,20180103 02:13:18.549,1.2049,1.2049299999999998
EUR/USD,20180103 02:18:21.527,1.20468,1.20471
EUR/USD,20180103 02:23:21.969,1.20432,1.20438
EUR/USD,20180103 02:28:22.084,1.20444,1.20448
EUR/USD,20180103 02:33:32.574,1.2042899999999999,1.20433
EUR/USD,20180103 02:38:46.242,1.20464,1.20468
EUR/USD,20180103 02:43:48.255,1.20432,1.20436
EUR/USD,20180103 02:48:48.837,1.20461,1.2046299999999999
EUR/USD,20180103 02:53:49.606,1.20444,1.2044700000000002
EUR/USD,20180103 02:58:52.717,1.20435,1.20436
EUR/USD,20180103 03:03:57.260,1.20436,1.2043700000000002
EUR/USD,20180103 03:09:00.078,1.20451,1.2045299999999999
EUR/USD,20180103 03:14:07.607,1.2044,1.20444
EUR/USD,20180103 03:19:12.626,1.20455,1.2046
EUR/USD,20180103 03:24:30.594,1.20451,1.20455
EUR/USD,20180103 03:29:33.194,1.2045,1.20455
EUR/USD,20180103 03:34:35.089,1.20455,1.20459
EUR/USD,20180103 03:39:37.501,1.2046299999999999,1.2046700000000001
EUR/USD,20180103 03:44:39.546,1.20469,1.20474
EUR/USD,20180103 03:49:47.274,1.20475,1.20476
EUR/USD,20180103 03:54:49.542,1.2046700000000001,1.2047
EUR/USD,20180103 03:59:54.368,1.20468,1.20472
EUR/USD,20180103 04:04:57.910,1.20484,1.20489
EUR/USD,20180103 04:09:58.145,1.20465,1.20469
EUR/USD,20180103 04:15:06.643,1.20484,1.20488
EUR/USD,20180103 04:20:11.669,1.20491,1.2049299999999998
EUR/USD,20180103 04:25:21.024,1.20497,1.2050100000000001
EUR/USD,20180103 04:30:21.168,1.20499,1.2050299999999998
EUR/USD,20180103 04:35:22.972,1.20529,1.2053200000000002
EUR/USD,20180103 04:40:24.758,1.20537,1.20539
EUR/USD,20180103 04:45:28.909,1.20517,1.2052200000000002
EUR/USD,20180103 04:50:30.248,1.20512,1.20516
EUR/USD,20180103 04:55:32.964,1.20507,1.2051100000000001
EUR/USD,20180103 05:00:38.015,1.20507,1.2051
EUR/USD,20180103 05:05:38.187,1.20513,1.20516
EUR/USD,20180103 05:10:39.914,1.20505,1.20508
EUR/USD,20180103 05:15:50.705,1.20505,1.20509
EUR/USD,20180103 05:20:55.535,1.20515,1.20518
EUR/USD,20180103 05:25:59.160,1.20527,1.20531
EUR/USD,20180103 05:30:59.664,1.20547,1.2055
EUR/USD,20180103 05:36:08.832,1.2054799999999999,1.20551
EUR/USD,20180103 05:41:13.167,1.2054200000000002,1.20547
EUR/USD,20180103 05:46:14.204,1.20573,1.20576
EUR/USD,20180103 05:51:15.143,1.20571,1.20576
EUR/USD,20180103 05:56:22.159,1.20566,1.2057
EUR/USD,20180103 06:01:28.075,1.20579,1.2058200000000001
EUR/USD,20180103 06:06:34.817,1.20583,1.20586
EUR/USD,20180103 06:11:58.462,1.20583,1.20587
EUR/USD,20180103 06:16:59.918,1.2058200000000001,1.20584
EUR/USD,20180103 06:22:02.967,1.20554,1.20556
EUR/USD,20180103 06:27:05.160,1.2054799999999999,1.20551
EUR/USD,20180103 06:32:05.666,1.20564,1.2056799999999999
EUR/USD,20180103 06:37:06.107,1.2057799999999999,1.2058200000000001
EUR/USD,20180103 06:42:09.635,1.20583,1.2058799999999998
EUR/USD,20180103 06:47:10.691,1.20579,1.20581
EUR/USD,20180103 06:52:13.340,1.20557,1.20559
EUR/USD,20180103 06:57:16.991,1.20475,1.2047700000000001
EUR/USD,20180103 07:02:17.803,1.2048,1.20482
EUR/USD,20180103 07:07:18.516,1.20426,1.2043
EUR/USD,20180103 07:12:18.689,1.2037,1.20373
EUR/USD,20180103 07:17:21.650,1.20424,1.20428
EUR/USD,20180103 07:22:21.926,1.20387,1.20391
EUR/USD,20180103 07:27:24.590,1.20426,1.2042899999999999
EUR/USD,20180103 07:32:27.960,1.20428,1.20431
EUR/USD,20180103 07:37:31.444,1.20377,1.2038
EUR/USD,20180103 07:42:34.381,1.2036200000000001,1.20365
EUR/USD,20180103 07:47:35.988,1.20383,1.20387
EUR/USD,20180103 07:52:36.323,1.20381,1.20385
EUR/USD,20180103 07:57:36.780,1.20364,1.20366
EUR/USD,20180103 08:02:38.186,1.20359,1.20363
EUR/USD,20180103 08:07:38.857,1.20317,1.20319
EUR/USD,20180103 08:12:38.915,1.20351,1.20353
EUR/USD,20180103 08:17:40.184,1.20338,1.2034200000000002
EUR/USD,20180103 08:22:40.510,1.2033,1.20333
EUR/USD,20180103 08:27:40.706,1.20366,1.20369
EUR/USD,20180103 08:32:40.834,1.20386,1.20387
EUR/USD,20180103 08:37:41.550,1.2039600000000001,1.20399
EUR/USD,20180103 08:42:43.800,1.20395,1.20397
EUR/USD,20180103 08:47:55.056,1.2040799999999998,1.20412
EUR/USD,20180103 08:52:55.424,1.20395,1.2039799999999998
EUR/USD,20180103 08:57:56.510,1.20426,1.20428
EUR/USD,20180103 09:02:59.238,1.20424,1.20428
EUR/USD,20180103 09:07:59.454,1.20363,1.20366
EUR/USD,20180103 09:13:00.058,1.20376,1.2037799999999999
EUR/USD,20180103 09:18:00.273,1.20363,1.2036799999999999
EUR/USD,20180103 09:23:07.643,1.20387,1.20392
EUR/USD,20180103 09:28:10.114,1.20379,1.2038200000000001
EUR/USD,20180103 09:33:10.442,1.2038799999999998,1.20392
EUR/USD,20180103 09:38:11.073,1.20393,1.20397
EUR/USD,20180103 09:43:13.656,1.20387,1.2039
EUR/USD,20180103 09:48:13.959,1.2043,1.20434
EUR/USD,20180103 09:53:16.675,1.20405,1.2040899999999999
EUR/USD,20180103 09:58:17.897,1.20373,1.20377
EUR/USD,20180103 10:03:19.379,1.2035,1.20353
EUR/USD,20180103 10:08:19.777,1.20375,1.2037799999999999
EUR/USD,20180103 10:13:20.226,1.2036799999999999,1.20371
EUR/USD,20180103 10:18:20.578,1.20343,1.20346
EUR/USD,20180103 10:23:21.433,1.20297,1.203
EUR/USD,20180103 10:28:22.582,1.2030399999999999,1.20305
EUR/USD,20180103 10:33:22.791,1.20238,1.20241
EUR/USD,20180103 10:38:24.112,1.20202,1.20205
EUR/USD,20180103 10:43:24.445,1.20161,1.20163
EUR/USD,20180103 10:48:24.495,1.2016200000000001,1.20165
EUR/USD,20180103 10:53:27.064,1.2022,1.20222
EUR/USD,20180103 10:58:30.356,1.2021600000000001,1.20218
EUR/USD,20180103 11:03:30.914,1.20175,1.20175
EUR/USD,20180103 11:08:32.454,1.20147,1.20147
EUR/USD,20180103 11:13:33.169,1.20175,1.20175
EUR/USD,20180103 11:18:33.766,1.20147,1.20149
EUR/USD,20180103 11:23:33.898,1.20123,1.20126
EUR/USD,20180103 11:28:33.949,1.20147,1.2015200000000001
EUR/USD,20180103 11:33:36.133,1.20144,1.20147
EUR/USD,20180103 11:38:40.444,1.2013200000000002,1.20136
EUR/USD,20180103 11:43:40.653,1.20119,1.2012200000000002
EUR/USD,20180103 11:48:41.383,1.20129,1.20131
EUR/USD,20180103 11:53:43.158,1.20167,1.2016799999999999
EUR/USD,20180103 11:58:43.847,1.2015799999999999,1.2016
EUR/USD,20180103 12:03:44.129,1.20144,1.20146
EUR/USD,20180103 12:08:46.417,1.20186,1.2018799999999998
EUR/USD,20180103 12:13:48.414,1.202,1.20202
EUR/USD,20180103 12:18:51.215,1.20182,1.20185
EUR/USD,20180103 12:23:51.818,1.20202,1.20204
EUR/USD,20180103 12:28:53.140,1.20207,1.20208
EUR/USD,20180103 12:33:55.222,1.20203,1.2020600000000001
EUR/USD,20180103 12:38:57.332,1.2019600000000001,1.20199
EUR/USD,20180103 12:43:59.225,1.2021700000000002,1.2021899999999999
EUR/USD,20180103 12:49:08.125,1.20231,1.20234
EUR/USD,20180103 12:54:11.731,1.2020899999999999,1.20214
EUR/USD,20180103 12:59:11.819,1.20205,1.20208
EUR/USD,20180103 13:04:11.951,1.2021,1.20212
EUR/USD,20180103 13:09:13.490,1.20222,1.20225
EUR/USD,20180103 13:14:19.173,1.2022899999999999,1.20233
EUR/USD,20180103 13:19:20.585,1.20235,1.20238
EUR/USD,20180103 13:24:22.491,1.20245,1.20249
EUR/USD,20180103 13:29:22.556,1.20246,1.20248
EUR/USD,20180103 13:34:23.258,1.2028299999999998,1.20286
EUR/USD,20180103 13:39:23.343,1.20268,1.20272
EUR/USD,20180103 13:44:26.028,1.20282,1.20286
EUR/USD,20180103 13:49:26.336,1.20295,1.20297
EUR/USD,20180103 13:54:26.342,1.20284,1.20287
EUR/USD,20180103 13:59:27.378,1.2033,1.20333
EUR/USD,20180103 14:04:28.325,1.20274,1.2027700000000001
EUR/USD,20180103 14:09:29.735,1.20271,1.20274
EUR/USD,20180103 14:14:30.170,1.20286,1.20288
EUR/USD,20180103 14:19:31.604,1.20272,1.2027299999999999
EUR/USD,20180103 14:24:31.639,1.20294,1.20294
EUR/USD,20180103 14:29:31.991,1.20258,1.20262
EUR/USD,20180103 14:34:32.656,1.20238,1.20242
EUR/USD,20180103 14:39:33.994,1.2022700000000002,1.2023
EUR/USD,20180103 14:44:35.490,1.20201,1.20203
EUR/USD,20180103 14:49:37.808,1.2019,1.20193
EUR/USD,20180103 14:54:38.765,1.20185,1.20186
EUR/USD,20180103 14:59:38.860,1.20154,1.20155
EUR/USD,20180103 15:04:39.569,1.20084,1.20086
EUR/USD,20180103 15:09:40.256,1.2009100000000001,1.20094
EUR/USD,20180103 15:14:40.381,1.20098,1.2010100000000001
EUR/USD,20180103 15:19:45.801,1.20084,1.20088
EUR/USD,20180103 15:24:46.626,1.20051,1.2005299999999999
EUR/USD,20180103 15:29:46.789,1.20049,1.20051
EUR/USD,20180103 15:34:47.572,1.20089,1.20092
EUR/USD,20180103 15:39:47.766,1.20115,1.20116
EUR/USD,20180103 15:44:48.560,1.20115,1.20119
EUR/USD,20180103 15:49:48.779,1.20197,1.20199
EUR/USD,20180103 15:54:48.976,1.2020600000000001,1.2020899999999999
EUR/USD,20180103 15:59:50.675,1.2024,1.20244
EUR/USD,20180103 16:04:51.989,1.20211,1.20214
EUR/USD,20180103 16:09:52.992,1.20211,1.20212
EUR/USD,20180103 16:14:55.314,1.20239,1.2024299999999999
EUR/USD,20180103 16:19:55.440,1.20222,1.20225
EUR/USD,20180103 16:24:56.442,1.20212,1.20215
EUR/USD,20180103 16:29:57.299,1.2020899999999999,1.20211
EUR/USD,20180103 16:34:58.725,1.20266,1.20268
EUR/USD,20180103 16:40:00.526,1.20276,1.20279
EUR/USD,20180103 16:45:00.600,1.2027,1.20272
EUR/USD,20180103 16:50:01.477,1.20262,1.20264
EUR/USD,20180103 16:55:01.571,1.2030399999999999,1.20307
EUR/USD,20180103 17:00:01.863,1.20299,1.20302
EUR/USD,20180103 17:05:02.010,1.2030299999999998,1.20306
EUR/USD,20180103 17:10:03.332,1.20292,1.20294
EUR/USD,20180103 17:15:03.430,1.20307,1.20309
EUR/USD,20180103 17:20:04.192,1.20299,1.2030299999999998
EUR/USD,20180103 17:25:05.784,1.20313,1.20316
EUR/USD,20180103 17:30:05.885,1.20281,1.2028299999999998
EUR/USD,20180103 17:35:06.643,1.20266,1.2027
EUR/USD,20180103 17:40:07.013,1.2025299999999999,1.20256
EUR/USD,20180103 17:45:08.262,1.2025700000000001,1.2026
EUR/USD,20180103 17:50:11.531,1.20242,1.20245
EUR/USD,20180103 17:55:12.126,1.20271,1.20274
EUR/USD,20180103 18:00:12.309,1.20271,1.2027299999999999
EUR/USD,20180103 18:05:13.253,1.20274,1.20276
EUR/USD,20180103 18:10:18.163,1.20225,1.2023
EUR/USD,20180103 18:15:26.286,1.2023,1.20233
EUR/USD,20180103 18:20:29.272,1.20234,1.20236
EUR/USD,20180103 18:25:31.442,1.20241,1.20244
EUR/USD,20180103 18:30:36.334,1.20258,1.20261
EUR/USD,20180103 18:35:38.427,1.20256,1.2025700000000001
EUR/USD,20180103 18:40:44.195,1.20266,1.2026700000000001
EUR/USD,20180103 18:45:45.788,1.20258,1.2026
EUR/USD,20180103 18:51:15.612,1.20259,1.20262
EUR/USD,20180103 18:56:16.461,1.20269,1.20272
EUR/USD,20180103 19:01:16.479,1.20272,1.2027700000000001
EUR/USD,20180103 19:06:17.510,1.20184,1.20186
EUR/USD,20180103 19:11:18.103,1.20058,1.20061
EUR/USD,20180103 19:16:18.925,1.2006299999999999,1.20066
EUR/USD,20180103 19:21:22.980,1.20089,1.2009100000000001
EUR/USD,20180103 19:26:23.423,1.20094,1.20097
EUR/USD,20180103 19:31:25.928,1.2014200000000002,1.20144
EUR/USD,20180103 19:36:26.651,1.2014799999999999,1.20153
EUR/USD,20180103 19:41:34.484,1.20185,1.20189
EUR/USD,20180103 19:46:35.639,1.20173,1.20176
EUR/USD,20180103 19:51:42.551,1.2018799999999998,1.2019
EUR/USD,20180103 19:56:43.895,1.20143,1.20146
EUR/USD,20180103 20:01:44.852,1.20173,1.20176
EUR/USD,20180103 20:06:48.877,1.20149,1.2015200000000001
EUR/USD,20180103 20:11:56.954,1.2017,1.20175
EUR/USD,20180103 20:16:57.059,1.20177,1.20181
EUR/USD,20180103 20:22:14.939,1.2020899999999999,1.20212
EUR/USD,20180103 20:27:16.755,1.2021700000000002,1.20221
EUR/USD,20180103 20:32:17.080,1.20228,1.20232
EUR/USD,20180103 20:37:17.437,1.20282,1.20284
EUR/USD,20180103 20:42:18.590,1.2025299999999999,1.20256
EUR/USD,20180103 20:47:18.624,1.20203,1.2020600000000001
EUR/USD,20180103 20:52:21.253,1.20191,1.20195
EUR/USD,20180103 20:57:22.331,1.20138,1.2014200000000002
EUR/USD,20180103 21:02:26.985,1.20105,1.20108
EUR/USD,20180103 21:07:29.828,1.20121,1.20126
EUR/USD,20180103 21:12:35.637,1.2010299999999998,1.20106
EUR/USD,20180103 21:17:45.814,1.2011399999999999,1.20118
EUR/USD,20180103 21:22:58.419,1.2013,1.2013200000000002
EUR/USD,20180103 21:28:04.334,1.20133,1.20137
EUR/USD,20180103 21:33:05.517,1.20113,1.20115
EUR/USD,20180103 21:38:15.824,1.20127,1.20129
EUR/USD,20180103 21:43:19.172,1.20129,1.2013200000000002
EUR/USD,20180103 21:48:21.985,1.20139,1.20145
EUR/USD,20180103 21:53:24.008,1.20151,1.20156
EUR/USD,20180103 21:58:24.455,1.20138,1.20143
EUR/USD,20180103 22:03:28.623,1.20147,1.20147
EUR/USD,20180103 22:08:51.563,1.20129,1.2015200000000001
EUR/USD,20180103 22:13:51.607,1.2015200000000001,1.20175
EUR/USD,20180103 22:18:55.082,1.2012,1.2014
EUR/USD,20180103 22:24:00.230,1.20128,1.2014799999999999
EUR/USD,20180103 22:29:08.199,1.20135,1.20153
EUR/USD,20180103 22:34:10.233,1.20137,1.20145
EUR/USD,20180103 22:39:14.321,1.20127,1.20134
EUR/USD,20180103 22:44:29.075,1.20118,1.20131
EUR/USD,20180103 22:49:30.533,1.20126,1.20135
EUR/USD,20180103 22:54:30.611,1.20126,1.20133
EUR/USD,20180103 22:59:31.360,1.20113,1.20123
EUR/USD,20180103 23:04:31.735,1.20116,1.20121
EUR/USD,20180103 23:09:35.120,1.20119,1.20126
EUR/USD,20180103 23:14:36.506,1.2011100000000001,1.20113
EUR/USD,20180103 23:19:40.598,1.20129,1.20134
EUR/USD,20180103 23:24:46.548,1.20135,1.2014
EUR/USD,20180103 23:29:49.785,1.2012,1.20125
EUR/USD,20180103 23:35:00.747,1.20094,1.2010100000000001
EUR/USD,20180103 23:40:01.981,1.2008,1.20087
EUR/USD,20180103 23:45:02.796,1.20096,1.2010100000000001
EUR/USD,20180103 23:50:03.351,1.2008299999999998,1.20088
EUR/USD,20180103 23:55:03.479,1.20096,1.2010100000000001
EUR/USD,20180104 00:00:04.536,1.2010399999999999,1.20108
EUR/USD,20180104 00:05:04.820,1.20102,1.20106
EUR/USD,20180104 00:10:05.351,1.20049,1.20054
EUR/USD,20180104 00:15:08.504,1.20048,1.20049
EUR/USD,20180104 00:20:08.717,1.20052,1.20056
EUR/USD,20180104 00:25:10.468,1.20054,1.20056
EUR/USD,20180104 00:30:11.267,1.2006299999999999,1.20065
EUR/USD,20180104 00:35:13.103,1.2007700000000001,1.20081
EUR/USD,20180104 00:40:13.126,1.2007,1.2007299999999999
EUR/USD,20180104 00:45:13.491,1.20066,1.20069
EUR/USD,20180104 00:50:13.495,1.20069,1.2007
EUR/USD,20180104 00:55:13.805,1.2006299999999999,1.20066
EUR/USD,20180104 01:00:14.737,1.20098,1.2010100000000001
EUR/USD,20180104 01:05:16.352,1.2009299999999998,1.20096
EUR/USD,20180104 01:10:17.203,1.2009299999999998,1.20095
EUR/USD,20180104 01:15:30.033,1.20097,1.2009999999999998
EUR/USD,20180104 01:20:38.931,1.2009299999999998,1.20097
EUR/USD,20180104 01:25:40.377,1.20054,1.20056
EUR/USD,20180104 01:30:40.633,1.2005299999999999,1.20056
EUR/USD,20180104 01:35:53.676,1.2010399999999999,1.20108
EUR/USD,20180104 01:40:54.347,1.20079,1.2008
EUR/USD,20180104 01:46:00.261,1.20082,1.20086
EUR/USD,20180104 01:51:00.432,1.2007700000000001,1.2008
EUR/USD,20180104 01:56:01.228,1.2009299999999998,1.20096
EUR/USD,20180104 02:01:03.329,1.2007700000000001,1.2008
EUR/USD,20180104 02:06:05.848,1.20092,1.20095
EUR/USD,20180104 02:11:10.813,1.20095,1.20099
EUR/USD,20180104 02:16:14.642,1.2009999999999998,1.2010299999999998
EUR/USD,20180104 02:21:15.355,1.20139,1.20141
EUR/USD,20180104 02:26:23.425,1.2018,1.20184
EUR/USD,20180104 02:31:23.557,1.2016,1.2016200000000001
EUR/USD,20180104 02:36:24.762,1.2015799999999999,1.20161
EUR/USD,20180104 02:41:28.151,1.20157,1.2016
EUR/USD,20180104 02:46:28.861,1.20163,1.20167
EUR/USD,20180104 02:51:31.010,1.20169,1.20173
EUR/USD,20180104 02:56:34.829,1.2016,1.2016200000000001
EUR/USD,20180104 03:01:35.005,1.20175,1.20177
EUR/USD,20180104 03:06:35.397,1.20167,1.20171
EUR/USD,20180104 03:11:37.273,1.20155,1.20157
EUR/USD,20180104 03:16:37.738,1.20153,1.20156
EUR/USD,20180104 03:21:46.394,1.20144,1.20147
EUR/USD,20180104 03:26:49.772,1.20128,1.2013200000000002
EUR/USD,20180104 03:31:50.543,1.20134,1.20137
EUR/USD,20180104 03:36:52.656,1.20145,1.2014799999999999
EUR/USD,20180104 03:41:55.235,1.20147,1.2015
EUR/USD,20180104 03:46:58.391,1.20164,1.2016799999999999
EUR/USD,20180104 03:51:58.463,1.2016,1.20163
EUR/USD,20180104 03:57:03.080,1.20155,1.20156
EUR/USD,20180104 04:02:03.104,1.20173,1.20175
EUR/USD,20180104 04:07:04.192,1.20183,1.20186
EUR/USD,20180104 04:12:04.282,1.2017799999999998,1.2018
EUR/USD,20180104 04:17:06.166,1.2016200000000001,1.20166
EUR/USD,20180104 04:22:11.763,1.20156,1.20161
EUR/USD,20180104 04:27:29.479,1.2017799999999998,1.20181
EUR/USD,20180104 04:32:31.268,1.20208,1.20212
EUR/USD,20180104 04:37:33.221,1.20203,1.20205
EUR/USD,20180104 04:42:40.457,1.20207,1.2021
EUR/USD,20180104 04:47:43.894,1.20201,1.20204
EUR/USD,20180104 04:52:45.552,1.20181,1.20185
EUR/USD,20180104 04:57:52.292,1.2017799999999998,1.2018
EUR/USD,20180104 05:02:59.622,1.20146,1.20149
EUR/USD,20180104 05:08:00.979,1.2017200000000001,1.20175
EUR/USD,20180104 05:13:08.987,1.20151,1.20155
EUR/USD,20180104 05:18:13.846,1.2016799999999999,1.20171
EUR/USD,20180104 05:23:14.433,1.20183,1.20187
EUR/USD,20180104 05:28:15.584,1.20194,1.2019600000000001
EUR/USD,20180104 05:33:18.057,1.20181,1.20185
EUR/USD,20180104 05:38:19.554,1.202,1.20203
EUR/USD,20180104 05:43:30.166,1.20214,1.20218
EUR/USD,20180104 05:48:52.228,1.20214,1.2021700000000002
EUR/USD,20180104 05:53:54.642,1.20215,1.2021700000000002
EUR/USD,20180104 05:58:56.973,1.20201,1.20203
EUR/USD,20180104 06:03:59.050,1.2017799999999998,1.20181
EUR/USD,20180104 06:09:00.212,1.20236,1.20239
EUR/USD,20180104 06:14:01.190,1.20261,1.2026299999999999
EUR/USD,20180104 06:19:03.709,1.2025700000000001,1.20261
EUR/USD,20180104 06:24:04.116,1.20271,1.20275
EUR/USD,20180104 06:29:04.320,1.20279,1.2028299999999998
EUR/USD,20180104 06:34:05.622,1.20292,1.20297
EUR/USD,20180104 06:39:05.917,1.20343,1.20346
EUR/USD,20180104 06:44:06.090,1.2032100000000001,1.20323
EUR/USD,20180104 06:49:21.155,1.20307,1.2031100000000001
EUR/USD,20180104 06:54:26.181,1.20289,1.20292
EUR/USD,20180104 06:59:26.359,1.20276,1.2028
EUR/USD,20180104 07:04:30.208,1.20272,1.20274
EUR/USD,20180104 07:09:33.252,1.20262,1.20264
EUR/USD,20180104 07:14:35.120,1.2026,1.20261
EUR/USD,20180104 07:19:35.269,1.20333,1.20337
EUR/USD,20180104 07:24:38.102,1.20308,1.20312
EUR/USD,20180104 07:29:40.536,1.20299,1.20302
EUR/USD,20180104 07:34:41.503,1.2027700000000001,1.20279
EUR/USD,20180104 07:39:46.312,1.20327,1.2033
EUR/USD,20180104 07:44:46.628,1.20326,1.20329
EUR/USD,20180104 07:49:48.236,1.20346,1.2035200000000001
EUR/USD,20180104 07:54:50.728,1.20298,1.2030100000000001
EUR/USD,20180104 07:59:53.248,1.20282,1.20286
EUR/USD,20180104 08:04:58.691,1.20241,1.2024299999999999
EUR/USD,20180104 08:09:58.981,1.20234,1.20238
EUR/USD,20180104 08:15:02.121,1.2027299999999999,1.2027700000000001
EUR/USD,20180104 08:20:02.163,1.20297,1.203
EUR/USD,20180104 08:25:03.410,1.20296,1.20299
EUR/USD,20180104 08:30:03.781,1.20318,1.2032
EUR/USD,20180104 08:35:04.622,1.2031100000000001,1.20313
EUR/USD,20180104 08:40:08.137,1.20275,1.20278
EUR/USD,20180104 08:45:09.027,1.20298,1.2030100000000001
EUR/USD,20180104 08:50:10.364,1.20297,1.203
EUR/USD,20180104 08:55:13.316,1.20269,1.20272
EUR/USD,20180104 09:00:15.365,1.20256,1.20258
EUR/USD,20180104 09:05:18.919,1.20305,1.20305
EUR/USD,20180104 09:10:19.281,1.2029,1.2029100000000001
EUR/USD,20180104 09:15:22.079,1.2032200000000002,1.20325
EUR/USD,20180104 09:20:26.038,1.20284,1.20287
EUR/USD,20180104 09:25:26.846,1.20295,1.20296
EUR/USD,20180104 09:30:29.164,1.2031,1.2031399999999999
EUR/USD,20180104 09:35:31.515,1.20336,1.20339
EUR/USD,20180104 09:40:31.535,1.2036799999999999,1.2037
EUR/USD,20180104 09:45:31.669,1.2034799999999999,1.20351
EUR/USD,20180104 09:50:31.826,1.20431,1.20435
EUR/USD,20180104 09:55:32.659,1.2042700000000002,1.20431
EUR/USD,20180104 10:00:33.064,1.2043,1.20434
EUR/USD,20180104 10:05:33.778,1.20445,1.20446
EUR/USD,20180104 10:10:34.014,1.2047700000000001,1.20481
EUR/USD,20180104 10:15:37.344,1.2042700000000002,1.2043
EUR/USD,20180104 10:20:37.794,1.20433,1.20435
EUR/USD,20180104 10:25:38.177,1.20438,1.2044
EUR/USD,20180104 10:30:39.457,1.20484,1.20489
EUR/USD,20180104 10:35:43.245,1.20504,1.20506
EUR/USD,20180104 10:40:46.973,1.20543,1.20546
EUR/USD,20180104 10:45:47.341,1.20543,1.20547
EUR/USD,20180104 10:50:47.436,1.20507,1.20512
EUR/USD,20180104 10:55:51.185,1.20488,1.20492
EUR/USD,20180104 11:00:53.997,1.2051,1.20513
EUR/USD,20180104 11:05:54.663,1.20547,1.2055
EUR/USD,20180104 11:10:56.558,1.20512,1.20516
EUR/USD,20180104 11:15:57.542,1.20523,1.20525
EUR/USD,20180104 11:20:57.836,1.2049299999999998,1.20495
EUR/USD,20180104 11:25:59.430,1.20531,1.2053399999999999
EUR/USD,20180104 11:31:05.424,1.2052100000000001,1.2052399999999999
EUR/USD,20180104 11:36:05.440,1.20561,1.20565
EUR/USD,20180104 11:41:06.121,1.2056200000000001,1.20565
EUR/USD,20180104 11:46:06.625,1.20621,1.20625
EUR/USD,20180104 11:51:07.550,1.2064,1.20643
EUR/USD,20180104 11:56:08.184,1.2063,1.20633
EUR/USD,20180104 12:01:09.090,1.20611,1.20613
EUR/USD,20180104 12:06:11.216,1.20607,1.2061
EUR/USD,20180104 12:11:11.304,1.20628,1.2062899999999999
EUR/USD,20180104 12:16:13.062,1.2061899999999999,1.20622
EUR/USD,20180104 12:21:17.850,1.20594,1.2059799999999998
EUR/USD,20180104 12:26:22.893,1.2064700000000002,1.20649
EUR/USD,20180104 12:31:22.933,1.2065700000000001,1.20661
EUR/USD,20180104 12:36:24.413,1.20643,1.20646
EUR/USD,20180104 12:41:26.834,1.20662,1.20665
EUR/USD,20180104 12:46:30.635,1.20666,1.20669
EUR/USD,20180104 12:51:31.379,1.20659,1.20661
EUR/USD,20180104 12:56:35.211,1.20681,1.2068299999999998
EUR/USD,20180104 13:01:38.100,1.20684,1.20685
EUR/USD,20180104 13:06:39.193,1.20669,1.20671
EUR/USD,20180104 13:11:42.075,1.2063700000000002,1.2064
EUR/USD,20180104 13:16:42.847,1.20583,1.20585
EUR/USD,20180104 13:21:42.859,1.20688,1.20691
EUR/USD,20180104 13:26:44.332,1.20655,1.2065700000000001
EUR/USD,20180104 13:31:45.713,1.20671,1.20674
EUR/USD,20180104 13:36:46.181,1.2060799999999998,1.2061
EUR/USD,20180104 13:41:46.197,1.20649,1.2065
EUR/USD,20180104 13:46:46.206,1.20706,1.20706
EUR/USD,20180104 13:51:46.226,1.20731,1.2073399999999999
EUR/USD,20180104 13:56:46.422,1.20651,1.20654
EUR/USD,20180104 14:01:47.145,1.20641,1.20643
EUR/USD,20180104 14:06:48.239,1.2065700000000001,1.2066
EUR/USD,20180104 14:11:48.652,1.2065,1.20655
EUR/USD,20180104 14:16:51.149,1.20644,1.20645
EUR/USD,20180104 14:21:51.378,1.20654,1.20656
EUR/USD,20180104 14:26:57.153,1.20618,1.2062
EUR/USD,20180104 14:31:57.393,1.20651,1.20651
EUR/USD,20180104 14:36:58.325,1.2073,1.2073200000000002
EUR/USD,20180104 14:41:58.932,1.20774,1.20776
EUR/USD,20180104 14:46:59.298,1.20795,1.20797
EUR/USD,20180104 14:51:59.366,1.20832,1.20832
EUR/USD,20180104 14:57:01.438,1.2082700000000002,1.2083
EUR/USD,20180104 15:02:01.950,1.20804,1.20805
EUR/USD,20180104 15:07:02.114,1.20773,1.20776
EUR/USD,20180104 15:12:02.351,1.20838,1.20841
EUR/USD,20180104 15:17:03.473,1.20851,1.2085299999999999
EUR/USD,20180104 15:22:04.794,1.20875,1.20878
EUR/USD,20180104 15:27:05.708,1.20846,1.20849
EUR/USD,20180104 15:32:06.090,1.20805,1.2080799999999998
EUR/USD,20180104 15:37:06.763,1.20785,1.20789
EUR/USD,20180104 15:42:07.740,1.2078,1.20783
EUR/USD,20180104 15:47:08.995,1.2082600000000001,1.2082899999999999
EUR/USD,20180104 15:52:11.079,1.20815,1.20817
EUR/USD,20180104 15:57:12.172,1.20836,1.20838
EUR/USD,20180104 16:02:12.347,1.2075799999999999,1.20761
EUR/USD,20180104 16:07:12.984,1.20744,1.20747
EUR/USD,20180104 16:12:14.963,1.2074200000000002,1.20747
EUR/USD,20180104 16:17:15.480,1.2066299999999999,1.20666
EUR/USD,20180104 16:22:17.416,1.20678,1.20679
EUR/USD,20180104 16:27:17.530,1.20718,1.2072
EUR/USD,20180104 16:32:17.650,1.20688,1.2069
EUR/USD,20180104 16:37:19.379,1.20712,1.20716
EUR/USD,20180104 16:42:21.525,1.2070100000000001,1.2070299999999998
EUR/USD,20180104 16:47:21.533,1.20617,1.2062
EUR/USD,20180104 16:52:23.164,1.20658,1.2066
EUR/USD,20180104 16:57:25.257,1.20644,1.20648
EUR/USD,20180104 17:02:26.144,1.20623,1.20626
EUR/USD,20180104 17:07:28.312,1.20624,1.2062700000000002
EUR/USD,20180104 17:12:31.635,1.2065,1.2065299999999999
EUR/USD,20180104 17:17:39.643,1.20658,1.20662
EUR/USD,20180104 17:22:40.465,1.2065299999999999,1.2065700000000001
EUR/USD,20180104 17:27:43.033,1.20633,1.20636
EUR/USD,20180104 17:32:43.816,1.20662,1.20665
EUR/USD,20180104 17:37:45.931,1.20699,1.20702
EUR/USD,20180104 17:42:46.296,1.20715,1.20718
EUR/USD,20180104 17:47:46.346,1.20739,1.2074200000000002
EUR/USD,20180104 17:52:47.675,1.20749,1.2075200000000001
EUR/USD,20180104 17:57:49.151,1.20726,1.20729
EUR/USD,20180104 18:02:51.551,1.2075200000000001,1.20754
EUR/USD,20180104 18:07:53.624,1.20769,1.20773
EUR/USD,20180104 18:12:56.226,1.20774,1.2077799999999999
EUR/USD,20180104 18:18:00.571,1.2076,1.20764
EUR/USD,20180104 18:23:03.062,1.20754,1.20756
EUR/USD,20180104 18:28:06.103,1.2072399999999999,1.20726
EUR/USD,20180104 18:33:08.390,1.20676,1.2068
EUR/USD,20180104 18:38:08.645,1.2065299999999999,1.20654
EUR/USD,20180104 18:43:14.669,1.20633,1.20636
EUR/USD,20180104 18:48:18.203,1.2063700000000002,1.20642
EUR/USD,20180104 18:53:20.213,1.2063,1.20633
EUR/USD,20180104 18:58:29.209,1.20635,1.20636
EUR/USD,20180104 19:03:30.009,1.2066700000000001,1.2067
EUR/USD,20180104 19:08:32.632,1.20685,1.20688
EUR/USD,20180104 19:13:39.654,1.20648,1.2065
EUR/USD,20180104 19:18:41.011,1.20658,1.2066299999999999
EUR/USD,20180104 19:23:43.553,1.20661,1.20664
EUR/USD,20180104 19:28:48.502,1.20668,1.2067299999999999
EUR/USD,20180104 19:33:49.430,1.2069,1.2069299999999998
EUR/USD,20180104 19:38:59.487,1.20684,1.20687
EUR/USD,20180104 19:44:02.755,1.20691,1.2069299999999998
EUR/USD,20180104 19:49:03.048,1.20707,1.20712
EUR/USD,20180104 19:54:09.114,1.20708,1.2071
EUR/USD,20180104 19:59:09.521,1.2071399999999999,1.20716
EUR/USD,20180104 20:04:11.141,1.2072100000000001,1.20723
EUR/USD,20180104 20:09:12.274,1.2071399999999999,1.20717
EUR/USD,20180104 20:14:12.297,1.2068299999999998,1.20686
EUR/USD,20180104 20:19:14.060,1.20662,1.20665
EUR/USD,20180104 20:24:14.262,1.2067700000000001,1.20681
EUR/USD,20180104 20:29:16.714,1.2066299999999999,1.2066700000000001
EUR/USD,20180104 20:34:26.343,1.2067299999999999,1.20676
EUR/USD,20180104 20:39:30.582,1.20672,1.2067700000000001
EUR/USD,20180104 20:44:40.778,1.20662,1.20666
EUR/USD,20180104 20:49:47.497,1.20664,1.20666
EUR/USD,20180104 20:54:48.131,1.2066299999999999,1.20666
EUR/USD,20180104 20:59:49.560,1.20691,1.20694
EUR/USD,20180104 21:04:51.265,1.20681,1.2068299999999998
EUR/USD,20180104 21:09:51.947,1.20691,1.2069299999999998
EUR/USD,20180104 21:14:58.513,1.20698,1.207
EUR/USD,20180104 21:20:00.647,1.20695,1.20698
EUR/USD,20180104 21:25:28.648,1.20694,1.20697
EUR/USD,20180104 21:30:29.567,1.2069299999999998,1.20697
EUR/USD,20180104 21:35:32.331,1.20698,1.20702
EUR/USD,20180104 21:40:37.000,1.2070100000000001,1.20704
EUR/USD,20180104 21:45:41.733,1.20679,1.2068299999999998
EUR/USD,20180104 21:50:44.481,1.2067,1.20674
EUR/USD,20180104 21:55:45.055,1.20672,1.20676
EUR/USD,20180104 22:01:20.387,1.20672,1.20692
EUR/USD,20180104 22:06:23.116,1.2068,1.2069
EUR/USD,20180104 22:11:36.964,1.2065299999999999,1.20666
EUR/USD,20180104 22:16:39.460,1.2067299999999999,1.20686
EUR/USD,20180104 22:21:45.523,1.20686,1.2071399999999999
EUR/USD,20180104 22:26:47.005,1.20685,1.20708
EUR/USD,20180104 22:31:47.821,1.20682,1.2070100000000001
EUR/USD,20180104 22:36:50.715,1.20705,1.20712
EUR/USD,20180104 22:41:53.190,1.20695,1.20709
EUR/USD,20180104 22:46:53.625,1.2069299999999998,1.20699
EUR/USD,20180104 22:51:53.923,1.20699,1.20706
EUR/USD,20180104 22:57:00.343,1.20699,1.20704
EUR/USD,20180104 23:02:02.244,1.20715,1.20723
EUR/USD,20180104 23:07:04.962,1.20705,1.20707
EUR/USD,20180104 23:12:05.958,1.2070100000000001,1.20705
EUR/USD,20180104 23:17:17.545,1.2069,1.20697
EUR/USD,20180104 23:22:19.780,1.20686,1.2069
EUR/USD,20180104 23:27:20.830,1.20671,1.20674
EUR/USD,20180104 23:32:23.081,1.20688,1.20691
EUR/USD,20180104 23:37:28.457,1.20687,1.20692
EUR/USD,20180104 23:42:36.971,1.20682,1.20687
EUR/USD,20180104 23:47:39.638,1.20691,1.20696
EUR/USD,20180104 23:52:41.954,1.20689,1.20696
EUR/USD,20180104 23:57:47.222,1.2068,1.20685
EUR/USD,20180105 00:02:55.200,1.2067,1.2067299999999999
EUR/USD,20180105 00:07:55.676,1.20689,1.20695
EUR/USD,20180105 00:12:57.634,1.2071399999999999,1.20717
EUR/USD,20180105 00:18:01.679,1.20699,1.20704
EUR/USD,20180105 00:23:03.497,1.2072399999999999,1.20728
EUR/USD,20180105 00:28:04.905,1.2074799999999999,1.20751
EUR/USD,20180105 00:33:05.971,1.20736,1.2074
EUR/USD,20180105 00:38:17.722,1.20743,1.2074799999999999
EUR/USD,20180105 00:43:20.498,1.20763,1.20766
EUR/USD,20180105 00:48:22.015,1.20763,1.20765
EUR/USD,20180105 00:53:22.569,1.20756,1.20759
EUR/USD,20180105 00:58:23.585,1.2076200000000001,1.20765
EUR/USD,20180105 01:03:25.548,1.2075200000000001,1.20754
EUR/USD,20180105 01:08:29.010,1.2074200000000002,1.20744
EUR/USD,20180105 01:13:30.985,1.20786,1.20789
EUR/USD,20180105 01:18:40.475,1.20766,1.2077
EUR/USD,20180105 01:23:41.710,1.2075,1.20754
EUR/USD,20180105 01:28:41.764,1.2074799999999999,1.2075
EUR/USD,20180105 01:33:42.223,1.2074,1.20743
EUR/USD,20180105 01:38:44.100,1.2072399999999999,1.20727
EUR/USD,20180105 01:43:44.484,1.20718,1.20723
EUR/USD,20180105 01:48:53.491,1.20709,1.20713
EUR/USD,20180105 01:53:54.235,1.2072200000000002,1.2072399999999999
EUR/USD,20180105 01:59:03.424,1.20719,1.2072399999999999
EUR/USD,20180105 02:04:03.545,1.20723,1.2072399999999999
EUR/USD,20180105 02:09:05.307,1.2068299999999998,1.20685
EUR/USD,20180105 02:14:08.960,1.20688,1.2069299999999998
EUR/USD,20180105 02:19:10.667,1.20691,1.2069299999999998
EUR/USD,20180105 02:24:14.115,1.20694,1.20699
EUR/USD,20180105 02:29:21.335,1.20706,1.20709
EUR/USD,20180105 02:34:29.875,1.207,1.20704
EUR/USD,20180105 02:39:31.473,1.2070100000000001,1.20704
EUR/USD,20180105 02:44:37.506,1.2071,1.2071399999999999
EUR/USD,20180105 02:49:44.924,1.20729,1.2073200000000002
EUR/USD,20180105 02:54:47.071,1.2072100000000001,1.2072399999999999
EUR/USD,20180105 02:59:49.003,1.2071399999999999,1.20718
EUR/USD,20180105 03:04:51.614,1.2072100000000001,1.2072399999999999
EUR/USD,20180105 03:09:58.791,1.2074200000000002,1.20745
EUR/USD,20180105 03:15:07.323,1.20729,1.2073200000000002
EUR/USD,20180105 03:20:11.671,1.20741,1.20744
EUR/USD,20180105 03:25:14.673,1.2074799999999999,1.20751
EUR/USD,20180105 03:30:15.614,1.2074,1.20743
EUR/USD,20180105 03:35:20.622,1.20728,1.20733
EUR/USD,20180105 03:40:27.572,1.20745,1.20749
EUR/USD,20180105 03:45:28.604,1.20731,1.20735
EUR/USD,20180105 03:50:29.992,1.20745,1.2074799999999999
EUR/USD,20180105 03:55:29.997,1.20755,1.2075799999999999
EUR/USD,20180105 04:00:30.492,1.20743,1.20747
EUR/USD,20180105 04:05:36.294,1.20729,1.2073399999999999
EUR/USD,20180105 04:10:37.649,1.20719,1.20723
EUR/USD,20180105 04:15:41.033,1.20713,1.20718
EUR/USD,20180105 04:20:42.180,1.20715,1.20718
EUR/USD,20180105 04:25:43.546,1.20729,1.2073399999999999
EUR/USD,20180105 04:30:44.495,1.20727,1.2073
EUR/USD,20180105 04:35:53.906,1.20719,1.20723
EUR/USD,20180105 04:40:56.508,1.20715,1.20717
EUR/USD,20180105 04:45:58.750,1.20729,1.20731
EUR/USD,20180105 04:51:05.058,1.20709,1.2071100000000001
EUR/USD,20180105 04:56:06.090,1.20707,1.20712
EUR/USD,20180105 05:01:06.265,1.20743,1.20747
EUR/USD,20180105 05:06:15.831,1.20719,1.2072200000000002
EUR/USD,20180105 05:11:15.913,1.20726,1.2073
EUR/USD,20180105 05:16:17.531,1.2071,1.20715
EUR/USD,20180105 05:21:21.463,1.20733,1.20736
EUR/USD,20180105 05:26:29.491,1.20736,1.2074
EUR/USD,20180105 05:31:32.106,1.2073,1.20733
EUR/USD,20180105 05:36:32.156,1.2072,1.20723
EUR/USD,20180105 05:41:56.752,1.20726,1.20731
EUR/USD,20180105 05:47:05.627,1.20741,1.20745
EUR/USD,20180105 05:52:07.482,1.20743,1.20745
EUR/USD,20180105 05:57:09.318,1.2073200000000002,1.20736
EUR/USD,20180105 06:02:09.500,1.20706,1.20709
EUR/USD,20180105 06:07:09.507,1.20737,1.20741
EUR/USD,20180105 06:12:14.694,1.20725,1.20729
EUR/USD,20180105 06:17:19.392,1.2070100000000001,1.20704
EUR/USD,20180105 06:22:22.251,1.20719,1.2072
EUR/USD,20180105 06:27:24.300,1.2073399999999999,1.20736
EUR/USD,20180105 06:32:32.525,1.20723,1.2072399999999999
EUR/USD,20180105 06:37:34.808,1.20708,1.2071100000000001
EUR/USD,20180105 06:42:41.492,1.20668,1.2067299999999999
EUR/USD,20180105 06:47:44.994,1.20639,1.20641
EUR/USD,20180105 06:52:48.156,1.20621,1.20624
EUR/USD,20180105 06:57:51.469,1.20621,1.20625
EUR/USD,20180105 07:02:52.469,1.20604,1.20607
EUR/USD,20180105 07:08:01.153,1.2059,1.2059600000000001
EUR/USD,20180105 07:13:01.519,1.20625,1.20628
EUR/USD,20180105 07:18:08.045,1.20643,1.20646
EUR/USD,20180105 07:23:10.822,1.20654,1.20656
EUR/USD,20180105 07:28:13.982,1.20634,1.2063700000000002
EUR/USD,20180105 07:33:14.117,1.20641,1.20643
EUR/USD,20180105 07:38:15.789,1.20628,1.2063
EUR/USD,20180105 07:43:16.840,1.20624,1.2062700000000002
EUR/USD,20180105 07:48:18.135,1.2060899999999999,1.20613
EUR/USD,20180105 07:53:18.565,1.20583,1.20585
EUR/USD,20180105 07:58:19.011,1.2058200000000001,1.20583
EUR/USD,20180105 08:03:20.141,1.20599,1.20602
EUR/USD,20180105 08:08:20.856,1.20569,1.2057200000000001
EUR/USD,20180105 08:13:29.826,1.20575,1.20577
EUR/USD,20180105 08:18:31.159,1.20563,1.20565
EUR/USD,20180105 08:23:35.061,1.20545,1.2054799999999999
EUR/USD,20180105 08:28:38.529,1.2055799999999999,1.20559
EUR/USD,20180105 08:33:41.575,1.20595,1.20597
EUR/USD,20180105 08:38:45.745,1.2054799999999999,1.2055
EUR/USD,20180105 08:43:46.454,1.20559,1.20561
EUR/USD,20180105 08:48:47.283,1.2055,1.20554
EUR/USD,20180105 08:53:48.901,1.2056200000000001,1.20566
EUR/USD,20180105 08:58:49.589,1.20535,1.20537
EUR/USD,20180105 09:03:51.168,1.20543,1.20546
EUR/USD,20180105 09:08:57.225,1.20547,1.2055200000000001
EUR/USD,20180105 09:13:57.694,1.2052399999999999,1.20527
EUR/USD,20180105 09:19:00.073,1.20484,1.20487
EUR/USD,20180105 09:24:01.103,1.2047700000000001,1.20479
EUR/USD,20180105 09:29:03.189,1.20469,1.20472
EUR/USD,20180105 09:34:03.961,1.20462,1.20465
EUR/USD,20180105 09:39:09.600,1.2046700000000001,1.2047
EUR/USD,20180105 09:44:09.990,1.20478,1.20481
EUR/USD,20180105 09:49:10.403,1.20448,1.2045299999999999
EUR/USD,20180105 09:54:10.616,1.20448,1.20452
EUR/USD,20180105 09:59:13.885,1.20436,1.20439
EUR/USD,20180105 10:04:14.558,1.20527,1.2053
EUR/USD,20180105 10:09:14.974,1.2052399999999999,1.20526
EUR/USD,20180105 10:14:15.857,1.20508,1.2051100000000001
EUR/USD,20180105 10:19:17.283,1.20482,1.20486
EUR/USD,20180105 10:24:17.528,1.20484,1.20488
EUR/USD,20180105 10:29:22.506,1.20444,1.20448
EUR/USD,20180105 10:34:23.062,1.20465,1.20468
EUR/USD,20180105 10:39:23.102,1.20491,1.20495
EUR/USD,20180105 10:44:24.268,1.20464,1.20468
EUR/USD,20180105 10:49:31.103,1.20481,1.20485
EUR/USD,20180105 10:54:31.164,1.20476,1.20478
EUR/USD,20180105 10:59:33.141,1.20497,1.20498
EUR/USD,20180105 11:04:33.223,1.20527,1.20529
EUR/USD,20180105 11:09:33.230,1.2052,1.2052399999999999
EUR/USD,20180105 11:14:42.337,1.20519,1.2052100000000001
EUR/USD,20180105 11:19:42.474,1.20507,1.2051
EUR/USD,20180105 11:24:42.593,1.20499,1.20502
EUR/USD,20180105 11:29:43.734,1.2049299999999998,1.20494
EUR/USD,20180105 11:34:44.067,1.20531,1.20533
EUR/USD,20180105 11:39:44.070,1.20517,1.2052
EUR/USD,20180105 11:44:44.488,1.2052200000000002,1.20527
EUR/USD,20180105 11:49:46.192,1.20506,1.20509
EUR/USD,20180105 11:54:47.809,1.20523,1.20525
EUR/USD,20180105 11:59:50.235,1.20527,1.2053
EUR/USD,20180105 12:04:51.092,1.2050100000000001,1.20504
EUR/USD,20180105 12:09:51.099,1.20495,1.20497
EUR/USD,20180105 12:14:51.162,1.20455,1.2045700000000001
EUR/USD,20180105 12:19:53.063,1.20484,1.20487
EUR/USD,20180105 12:24:53.463,1.20451,1.20454
EUR/USD,20180105 12:29:54.770,1.2047299999999999,1.2047700000000001
EUR/USD,20180105 12:34:57.540,1.20479,1.20484
EUR/USD,20180105 12:39:57.798,1.20484,1.20486
EUR/USD,20180105 12:44:58.260,1.2051399999999999,1.20517
EUR/USD,20180105 12:49:58.298,1.20519,1.20523
EUR/USD,20180105 12:54:58.911,1.20531,1.2053399999999999
EUR/USD,20180105 12:59:59.234,1.2047299999999999,1.20476
EUR/USD,20180105 13:05:01.343,1.20488,1.20492
EUR/USD,20180105 13:10:01.544,1.20459,1.20461
EUR/USD,20180105 13:15:03.152,1.20451,1.20454
EUR/USD,20180105 13:20:03.162,1.20452,1.20455
EUR/USD,20180105 13:25:08.694,1.20484,1.20487
EUR/USD,20180105 13:30:08.724,1.2071399999999999,1.2073399999999999
EUR/USD,20180105 13:35:09.071,1.20718,1.2072200000000002
EUR/USD,20180105 13:40:09.190,1.20709,1.2071100000000001
EUR/USD,20180105 13:45:09.273,1.20587,1.2059
EUR/USD,20180105 13:50:09.308,1.20634,1.2063700000000002
EUR/USD,20180105 13:55:09.749,1.20615,1.20618
EUR/USD,20180105 14:00:10.490,1.20505,1.20508
EUR/USD,20180105 14:05:10.917,1.20539,1.2054200000000002
EUR/USD,20180105 14:10:11.765,1.20389,1.20392
EUR/USD,20180105 14:15:12.096,1.2034,1.20343
EUR/USD,20180105 14:20:12.158,1.20331,1.2033200000000002
EUR/USD,20180105 14:25:12.890,1.20315,1.20318
EUR/USD,20180105 14:30:14.346,1.20281,1.2028299999999998
EUR/USD,20180105 14:35:20.154,1.2032,1.20323
EUR/USD,20180105 14:40:20.201,1.20363,1.20366
EUR/USD,20180105 14:45:21.045,1.2034200000000002,1.20345
EUR/USD,20180105 14:50:28.234,1.2031399999999999,1.20316
EUR/USD,20180105 14:55:28.798,1.20268,1.20271
EUR/USD,20180105 15:00:28.932,1.20307,1.20313
EUR/USD,20180105 15:05:30.172,1.20271,1.20274
EUR/USD,20180105 15:10:30.569,1.20359,1.2036200000000001
EUR/USD,20180105 15:15:31.044,1.2039799999999998,1.20401
EUR/USD,20180105 15:20:31.387,1.2040600000000001,1.2041
EUR/USD,20180105 15:25:33.076,1.20371,1.20373
EUR/USD,20180105 15:30:33.407,1.20363,1.20366
EUR/USD,20180105 15:35:33.479,1.20327,1.2033
EUR/USD,20180105 15:40:33.638,1.2024,1.2024299999999999
EUR/USD,20180105 15:45:33.683,1.20233,1.20234
EUR/USD,20180105 15:50:33.957,1.20238,1.2024299999999999
EUR/USD,20180105 15:55:34.054,1.20296,1.20299
EUR/USD,20180105 16:00:35.696,1.20361,1.20363
EUR/USD,20180105 16:05:36.041,1.204,1.20401
EUR/USD,20180105 16:10:36.360,1.20387,1.20391
EUR/USD,20180105 16:15:39.800,1.20369,1.2037200000000001
EUR/USD,20180105 16:20:39.851,1.20359,1.2036200000000001
EUR/USD,20180105 16:25:41.804,1.20359,1.20361
EUR/USD,20180105 16:30:42.153,1.20307,1.2031
EUR/USD,20180105 16:35:42.208,1.2034,1.20343
EUR/USD,20180105 16:40:45.417,1.20333,1.20336
EUR/USD,20180105 16:45:47.456,1.20357,1.20359
EUR/USD,20180105 16:50:47.923,1.20412,1.20415
EUR/USD,20180105 16:55:53.042,1.20422,1.20425
EUR/USD,20180105 17:00:53.364,1.2038200000000001,1.20385
EUR/USD,20180105 17:05:54.067,1.20375,1.20379
EUR/USD,20180105 17:10:57.161,1.20379,1.20383
EUR/USD,20180105 17:15:58.065,1.20384,1.20389
EUR/USD,20180105 17:21:00.346,1.20376,1.20379
EUR/USD,20180105 17:26:03.275,1.20385,1.20389
EUR/USD,20180105 17:31:03.594,1.20405,1.2040899999999999
EUR/USD,20180105 17:36:06.184,1.20443,1.20445
EUR/USD,20180105 17:41:07.999,1.20458,1.20461
EUR/USD,20180105 17:46:10.357,1.20469,1.20471
EUR/USD,20180105 17:51:11.035,1.20471,1.20474
EUR/USD,20180105 17:56:11.990,1.2047700000000001,1.2048
EUR/USD,20180105 18:01:13.504,1.20468,1.20471
EUR/USD,20180105 18:06:20.013,1.2046700000000001,1.2047
EUR/USD,20180105 18:11:25.811,1.20456,1.2046
EUR/USD,20180105 18:16:34.207,1.20465,1.20469
EUR/USD,20180105 18:21:50.613,1.20459,1.2046299999999999
EUR/USD,20180105 18:26:51.003,1.20449,1.2045299999999999
EUR/USD,20180105 18:31:51.804,1.20471,1.20474
EUR/USD,20180105 18:36:53.764,1.2046299999999999,1.2046700000000001
EUR/USD,20180105 18:41:56.234,1.20456,1.20458
EUR/USD,20180105 18:47:06.803,1.20449,1.2045299999999999
EUR/USD,20180105 18:52:11.133,1.20456,1.20459
EUR/USD,20180105 18:57:11.825,1.2045,1.20452
EUR/USD,20180105 19:02:11.847,1.2046700000000001,1.20471
EUR/USD,20180105 19:07:14.550,1.20478,1.20482
EUR/USD,20180105 19:12:18.653,1.20484,1.20487
EUR/USD,20180105 19:17:19.420,1.2048,1.20482
EUR/USD,20180105 19:22:21.942,1.20479,1.20482
EUR/USD,20180105 19:27:24.539,1.20478,1.20482
EUR/USD,20180105 19:32:30.110,1.2049,1.20492
EUR/USD,20180105 19:37:32.204,1.20489,1.20492
EUR/USD,20180105 19:42:41.461,1.20494,1.20498
EUR/USD,20180105 19:47:42.194,1.20484,1.20487
EUR/USD,20180105 19:52:48.156,1.20489,1.2049299999999998
EUR/USD,20180105 19:57:48.416,1.20478,1.2048
EUR/USD,20180105 20:02:57.562,1.20488,1.20491
EUR/USD,20180105 20:08:06.400,1.20471,1.20475
EUR/USD,20180105 20:13:09.831,1.20482,1.20486
EUR/USD,20180105 20:18:14.022,1.20444,1.20449
EUR/USD,20180105 20:23:14.250,1.20444,1.20446
EUR/USD,20180105 20:28:14.630,1.2042899999999999,1.20433
EUR/USD,20180105 20:33:22.669,1.2041899999999999,1.20423
EUR/USD,20180105 20:38:27.519,1.20424,1.20428
EUR/USD,20180105 20:43:40.516,1.20417,1.20418
EUR/USD,20180105 20:48:55.698,1.2041,1.20415
EUR/USD,20180105 20:53:59.233,1.20397,1.20399
EUR/USD,20180105 20:58:59.459,1.20411,1.20415
EUR/USD,20180105 21:04:17.035,1.2040899999999999,1.20412
EUR/USD,20180105 21:09:25.263,1.20412,1.2041600000000001
EUR/USD,20180105 21:14:26.305,1.20404,1.2040600000000001
EUR/USD,20180105 21:19:28.393,1.20363,1.20366
EUR/USD,20180105 21:24:29.297,1.20365,1.20367
EUR/USD,20180105 21:29:31.281,1.20345,1.2035
EUR/USD,20180105 21:34:41.526,1.2033200000000002,1.20338
EUR/USD,20180105 21:39:43.397,1.2031,1.20316
EUR/USD,20180105 21:44:44.422,1.203,1.20306
EUR/USD,20180105 21:49:49.863,1.20298,1.20305
EUR/USD,20180105 21:54:53.036,1.20292,1.20296
EUR/USD,20180105 21:59:56.298,1.2021600000000001,1.20376
EUR/USD,20180107 22:04:39.310,1.20241,1.20337
EUR/USD,20180107 22:09:41.586,1.2032200000000002,1.20349
EUR/USD,20180107 22:14:44.779,1.20339,1.2035
EUR/USD,20180107 22:19:52.538,1.20319,1.2033399999999999
EUR/USD,20180107 22:24:58.237,1.20336,1.20347
EUR/USD,20180107 22:30:00.143,1.20331,1.20349
EUR/USD,20180107 22:35:07.614,1.20337,1.20349
EUR/USD,20180107 22:40:07.933,1.203,1.20313
EUR/USD,20180107 22:45:08.152,1.20305,1.20318
EUR/USD,20180107 22:50:10.527,1.2032100000000001,1.20331
EUR/USD,20180107 22:55:12.011,1.20312,1.20315
EUR/USD,20180107 23:00:12.299,1.20353,1.20369
EUR/USD,20180107 23:05:12.341,1.20366,1.20373
EUR/USD,20180107 23:10:15.781,1.20356,1.20364
EUR/USD,20180107 23:15:24.184,1.2035,1.20357
EUR/USD,20180107 23:20:26.336,1.20363,1.20366
EUR/USD,20180107 23:25:26.593,1.20384,1.2038799999999998
EUR/USD,20180107 23:30:34.122,1.20376,1.2038200000000001
EUR/USD,20180107 23:35:52.214,1.20367,1.20371
EUR/USD,20180107 23:40:55.290,1.2037,1.20375
EUR/USD,20180107 23:45:58.105,1.20384,1.2039
EUR/USD,20180107 23:51:02.945,1.2036,1.20364
EUR/USD,20180107 23:56:05.884,1.2037,1.2037200000000001
EUR/USD,20180108 00:01:06.489,1.20371,1.2037200000000001
EUR/USD,20180108 00:06:18.689,1.2037200000000001,1.20376
EUR/USD,20180108 00:11:31.915,1.20375,1.20379
EUR/USD,20180108 00:16:32.614,1.20351,1.20355
EUR/USD,20180108 00:21:33.264,1.20339,1.20343
EUR/USD,20180108 00:27:03.291,1.2036200000000001,1.20366
EUR/USD,20180108 00:32:03.860,1.20363,1.2036799999999999
EUR/USD,20180108 00:37:06.093,1.20374,1.20379
EUR/USD,20180108 00:43:04.831,1.20364,1.2036799999999999
EUR/USD,20180108 00:48:06.790,1.20395,1.20399
EUR/USD,20180108 00:53:13.333,1.20411,1.20414
EUR/USD,20180108 00:58:25.588,1.20436,1.20441
EUR/USD,20180108 01:03:26.275,1.2043,1.20434
EUR/USD,20180108 01:08:26.549,1.20449,1.20452
EUR/USD,20180108 01:13:28.495,1.20466,1.20472
EUR/USD,20180108 01:18:40.521,1.20475,1.20479
EUR/USD,20180108 01:23:41.539,1.20486,1.2049
EUR/USD,20180108 01:28:42.888,1.20506,1.20508
EUR/USD,20180108 01:33:43.416,1.20454,1.20458
EUR/USD,20180108 01:38:45.184,1.20445,1.2045
EUR/USD,20180108 01:43:47.385,1.20487,1.20491
EUR/USD,20180108 01:48:47.648,1.20475,1.20478
EUR/USD,20180108 01:53:49.390,1.20445,1.2044700000000002
EUR/USD,20180108 01:58:51.925,1.2045,1.2045299999999999
EUR/USD,20180108 02:03:53.490,1.20438,1.20441
EUR/USD,20180108 02:08:56.140,1.2046,1.2046299999999999
EUR/USD,20180108 02:14:08.092,1.20438,1.20444
EUR/USD,20180108 02:19:10.075,1.20421,1.20425
EUR/USD,20180108 02:24:11.952,1.20379,1.20381
EUR/USD,20180108 02:29:11.984,1.2039799999999998,1.20402
EUR/USD,20180108 02:34:13.339,1.20354,1.20357
EUR/USD,20180108 02:39:18.575,1.20344,1.20347
EUR/USD,20180108 02:44:19.194,1.20343,1.20347
EUR/USD,20180108 02:49:24.834,1.20317,1.20319
EUR/USD,20180108 02:54:25.309,1.20355,1.2035799999999999
EUR/USD,20180108 02:59:25.358,1.20364,1.20367
EUR/USD,20180108 03:04:58.098,1.2033200000000002,1.20336
EUR/USD,20180108 03:10:02.538,1.2033399999999999,1.20338
EUR/USD,20180108 03:15:04.944,1.20335,1.20338
EUR/USD,20180108 03:20:06.286,1.2034,1.20343
EUR/USD,20180108 03:25:09.307,1.20333,1.20337
EUR/USD,20180108 03:30:24.956,1.2032399999999999,1.20328
EUR/USD,20180108 03:35:32.194,1.20317,1.2032200000000002
EUR/USD,20180108 03:40:43.326,1.20307,1.20312
EUR/USD,20180108 03:45:47.225,1.20289,1.2029299999999998
EUR/USD,20180108 03:50:55.077,1.20305,1.2031
EUR/USD,20180108 03:55:57.163,1.20325,1.20328
EUR/USD,20180108 04:00:59.207,1.20328,1.20331
EUR/USD,20180108 04:05:59.345,1.20287,1.20289
EUR/USD,20180108 04:10:59.357,1.20271,1.20274
EUR/USD,20180108 04:15:59.502,1.20275,1.2027700000000001
EUR/USD,20180108 04:21:10.742,1.20279,1.2028299999999998
EUR/USD,20180108 04:26:14.809,1.20238,1.20241
EUR/USD,20180108 04:31:17.589,1.20271,1.20274
EUR/USD,20180108 04:36:21.642,1.2025299999999999,1.2025700000000001
EUR/USD,20180108 04:41:23.588,1.20251,1.20254
EUR/USD,20180108 04:46:28.125,1.20264,1.20268
EUR/USD,20180108 04:51:35.358,1.20279,1.20284
EUR/USD,20180108 04:56:36.061,1.20259,1.20262
EUR/USD,20180108 05:01:44.178,1.2025,1.2025299999999999
EUR/USD,20180108 05:06:45.546,1.2027299999999999,1.20276
EUR/USD,20180108 05:11:48.265,1.20244,1.20249
EUR/USD,20180108 05:16:49.469,1.2027,1.20271
EUR/USD,20180108 05:21:50.736,1.20278,1.20282
EUR/USD,20180108 05:26:50.744,1.2025299999999999,1.2025700000000001
EUR/USD,20180108 05:31:57.952,1.2024,1.2024299999999999
EUR/USD,20180108 05:37:02.504,1.20165,1.20169
EUR/USD,20180108 05:42:08.916,1.2015200000000001,1.20154
EUR/USD,20180108 05:47:09.805,1.2016,1.2016
EUR/USD,20180108 05:52:10.800,1.20186,1.2019
EUR/USD,20180108 05:57:12.064,1.20193,1.20194
EUR/USD,20180108 06:02:12.118,1.20195,1.2019799999999998
EUR/USD,20180108 06:07:12.894,1.20197,1.202
EUR/USD,20180108 06:12:17.683,1.20212,1.20214
EUR/USD,20180108 06:17:21.320,1.2022,1.20225
EUR/USD,20180108 06:22:29.554,1.20226,1.2022899999999999
EUR/USD,20180108 06:27:37.250,1.20215,1.2021899999999999
EUR/USD,20180108 06:32:41.213,1.20189,1.20194
EUR/USD,20180108 06:37:44.250,1.20169,1.20174
EUR/USD,20180108 06:42:45.353,1.2014,1.20143
EUR/USD,20180108 06:47:45.612,1.20164,1.20167
EUR/USD,20180108 06:53:20.495,1.20166,1.2016799999999999
EUR/USD,20180108 06:58:29.548,1.20146,1.20149
EUR/USD,20180108 07:03:31.249,1.2012,1.20123
EUR/USD,20180108 07:08:31.417,1.2010100000000001,1.2010299999999998
EUR/USD,20180108 07:13:32.545,1.20081,1.20084
EUR/USD,20180108 07:18:35.120,1.20107,1.20108
EUR/USD,20180108 07:23:40.337,1.20115,1.20119
EUR/USD,20180108 07:28:44.722,1.20096,1.20099
EUR/USD,20180108 07:33:53.283,1.20079,1.20081
EUR/USD,20180108 07:38:53.344,1.20062,1.20064
EUR/USD,20180108 07:43:53.626,1.20032,1.20035
EUR/USD,20180108 07:48:54.442,1.2002,1.20024
EUR/USD,20180108 07:53:58.126,1.2002,1.20024
EUR/USD,20180108 07:58:58.149,1.19933,1.19937
EUR/USD,20180108 08:03:59.236,1.19946,1.19949
EUR/USD,20180108 08:09:00.929,1.19955,1.19959
EUR/USD,20180108 08:14:01.408,1.2000600000000001,1.2000899999999999
EUR/USD,20180108 08:19:03.155,1.1999799999999998,1.19999
EUR/USD,20180108 08:24:07.112,1.19986,1.19989
EUR/USD,20180108 08:29:08.434,1.19951,1.19954
EUR/USD,20180108 08:34:08.790,1.19943,1.19944
EUR/USD,20180108 08:39:12.644,1.19955,1.19959
EUR/USD,20180108 08:44:13.423,1.1993,1.19933
EUR/USD,20180108 08:49:13.951,1.1989,1.1989100000000001
EUR/USD,20180108 08:54:14.025,1.1986,1.1986299999999999
EUR/USD,20180108 08:59:19.996,1.19895,1.19898
EUR/USD,20180108 09:04:20.481,1.19917,1.19921
EUR/USD,20180108 09:09:22.296,1.19933,1.19937
EUR/USD,20180108 09:14:22.697,1.19931,1.19934
EUR/USD,20180108 09:19:25.202,1.1991399999999999,1.19917
EUR/USD,20180108 09:24:25.710,1.19885,1.19887
EUR/USD,20180108 09:29:34.866,1.19884,1.19888
EUR/USD,20180108 09:34:34.870,1.19879,1.19882
EUR/USD,20180108 09:39:38.880,1.19881,1.19885
EUR/USD,20180108 09:44:45.957,1.1987700000000001,1.19879
EUR/USD,20180108 09:49:46.627,1.19888,1.1989
EUR/USD,20180108 09:54:47.667,1.1990399999999999,1.19906
EUR/USD,20180108 09:59:48.371,1.19895,1.199
EUR/USD,20180108 10:04:53.941,1.19941,1.19944
EUR/USD,20180108 10:09:56.390,1.19973,1.19975
EUR/USD,20180108 10:14:56.540,1.19946,1.19949
EUR/USD,20180108 10:20:05.128,1.19943,1.1994799999999999
EUR/USD,20180108 10:25:06.363,1.19974,1.19976
EUR/USD,20180108 10:30:06.497,1.19938,1.1994200000000002
EUR/USD,20180108 10:35:08.879,1.1999,1.19994
EUR/USD,20180108 10:40:09.229,1.1999799999999998,1.20001
EUR/USD,20180108 10:45:11.140,1.20031,1.20034
EUR/USD,20180108 10:50:12.038,1.2007299999999999,1.2007700000000001
EUR/USD,20180108 10:55:12.348,1.20061,1.2006299999999999
EUR/USD,20180108 11:00:12.639,1.2003700000000002,1.20041
EUR/USD,20180108 11:05:17.561,1.20064,1.2006700000000001
EUR/USD,20180108 11:10:22.799,1.20046,1.20049
EUR/USD,20180108 11:15:26.755,1.2002,1.20025
EUR/USD,20180108 11:20:28.321,1.19973,1.19976
EUR/USD,20180108 11:25:29.393,1.19935,1.19938
EUR/USD,20180108 11:30:31.637,1.19905,1.19908
EUR/USD,20180108 11:35:32.460,1.19898,1.1990299999999998
EUR/USD,20180108 11:40:32.663,1.19905,1.19907
EUR/USD,20180108 11:45:32.678,1.1987,1.19874
EUR/USD,20180108 11:50:32.958,1.1986700000000001,1.19871
EUR/USD,20180108 11:55:33.694,1.1987700000000001,1.19879
EUR/USD,20180108 12:00:34.147,1.19844,1.19846
EUR/USD,20180108 12:05:36.560,1.19865,1.1986700000000001
EUR/USD,20180108 12:10:36.775,1.1985299999999999,1.19856
EUR/USD,20180108 12:15:38.218,1.19875,1.19878
EUR/USD,20180108 12:20:43.284,1.19879,1.1988299999999998
EUR/USD,20180108 12:25:48.151,1.1989100000000001,1.1989299999999998
EUR/USD,20180108 12:30:48.208,1.19892,1.19895
EUR/USD,20180108 12:35:50.489,1.19866,1.19869
EUR/USD,20180108 12:40:50.864,1.1981700000000002,1.19821
EUR/USD,20180108 12:45:56.812,1.19766,1.19771
EUR/USD,20180108 12:50:56.830,1.1976,1.19763
EUR/USD,20180108 12:55:57.801,1.19767,1.1977
EUR/USD,20180108 13:00:58.684,1.1970399999999999,1.19707
EUR/USD,20180108 13:06:01.817,1.19716,1.1972
EUR/USD,20180108 13:11:02.108,1.19726,1.19728
EUR/USD,20180108 13:16:02.435,1.1971399999999999,1.19718
EUR/USD,20180108 13:21:09.326,1.19716,1.1972
EUR/USD,20180108 13:26:09.735,1.1975,1.19753
EUR/USD,20180108 13:31:09.737,1.1977799999999998,1.1977799999999998
EUR/USD,20180108 13:36:10.089,1.19767,1.1977
EUR/USD,20180108 13:41:11.495,1.1970299999999998,1.19706
EUR/USD,20180108 13:46:14.453,1.19756,1.19759
EUR/USD,20180108 13:51:14.661,1.19727,1.19729
EUR/USD,20180108 13:56:18.083,1.19737,1.19741
EUR/USD,20180108 14:01:21.465,1.19718,1.19721
EUR/USD,20180108 14:06:21.979,1.1971100000000001,1.1971399999999999
EUR/USD,20180108 14:11:22.761,1.1972200000000002,1.19726
EUR/USD,20180108 14:16:25.763,1.19749,1.1975200000000001
EUR/USD,20180108 14:21:26.821,1.19747,1.1975
EUR/USD,20180108 14:26:28.931,1.1976799999999999,1.19773
EUR/USD,20180108 14:31:29.417,1.19735,1.1973799999999999
EUR/USD,20180108 14:36:34.672,1.19734,1.19737
EUR/USD,20180108 14:41:34.953,1.19739,1.1974200000000002
EUR/USD,20180108 14:46:35.001,1.19736,1.1974
EUR/USD,20180108 14:51:35.703,1.19725,1.19727
EUR/USD,20180108 14:56:37.718,1.19702,1.19705
EUR/USD,20180108 15:01:37.747,1.19649,1.19654
EUR/USD,20180108 15:06:38.943,1.1965,1.19652
EUR/USD,20180108 15:11:39.112,1.19622,1.19625
EUR/USD,20180108 15:16:39.380,1.19613,1.1961700000000002
EUR/USD,20180108 15:21:41.706,1.1960600000000001,1.1961
EUR/USD,20180108 15:26:42.418,1.1962899999999999,1.19631
EUR/USD,20180108 15:31:43.228,1.1962899999999999,1.19632
EUR/USD,20180108 15:36:43.411,1.1966700000000001,1.19669
EUR/USD,20180108 15:41:43.853,1.19687,1.1969
EUR/USD,20180108 15:46:44.177,1.19698,1.1970100000000001
EUR/USD,20180108 15:51:44.187,1.1971100000000001,1.19715
EUR/USD,20180108 15:56:45.351,1.1970299999999998,1.19705
EUR/USD,20180108 16:01:45.402,1.1977200000000001,1.19775
EUR/USD,20180108 16:06:53.297,1.1974,1.19744
EUR/USD,20180108 16:11:53.654,1.19776,1.19779
EUR/USD,20180108 16:16:56.281,1.19765,1.1976799999999999
EUR/USD,20180108 16:21:56.288,1.19814,1.1981700000000002
EUR/USD,20180108 16:26:58.050,1.19793,1.1979600000000001
EUR/USD,20180108 16:31:59.647,1.1975,1.19753
EUR/USD,20180108 16:37:00.316,1.19747,1.1975
EUR/USD,20180108 16:42:00.498,1.19767,1.1976799999999999
EUR/USD,20180108 16:47:02.825,1.19793,1.19795
EUR/USD,20180108 16:52:03.316,1.1977,1.19773
EUR/USD,20180108 16:57:04.039,1.1971399999999999,1.19717
EUR/USD,20180108 17:02:04.418,1.19735,1.1973799999999999
EUR/USD,20180108 17:07:05.210,1.19744,1.1974799999999999
EUR/USD,20180108 17:12:08.249,1.19782,1.19785
EUR/USD,20180108 17:17:09.120,1.1972,1.1972399999999999
EUR/USD,20180108 17:22:13.829,1.1970399999999999,1.19707
EUR/USD,20180108 17:27:19.582,1.1973200000000002,1.19735
EUR/USD,20180108 17:32:38.007,1.19702,1.19705
EUR/USD,20180108 17:37:38.651,1.19695,1.19699
EUR/USD,20180108 17:42:39.597,1.19731,1.19733
EUR/USD,20180108 17:47:41.708,1.19757,1.19759
EUR/USD,20180108 17:52:52.417,1.1972399999999999,1.19729
EUR/USD,20180108 17:57:52.554,1.19763,1.19766
EUR/USD,20180108 18:02:53.751,1.1974799999999999,1.19751
EUR/USD,20180108 18:07:59.365,1.19739,1.1974200000000002
EUR/USD,20180108 18:13:04.999,1.1972,1.19721
EUR/USD,20180108 18:18:10.426,1.19688,1.19692
EUR/USD,20180108 18:23:14.462,1.1968299999999998,1.19685
EUR/USD,20180108 18:28:14.901,1.19664,1.19666
EUR/USD,20180108 18:33:14.954,1.1964,1.19642
EUR/USD,20180108 18:38:20.647,1.19625,1.19628
EUR/USD,20180108 18:43:25.937,1.19592,1.19593
EUR/USD,20180108 18:48:38.780,1.1962,1.19622
EUR/USD,20180108 18:53:39.104,1.19635,1.19638
EUR/USD,20180108 18:58:40.909,1.19633,1.19636
EUR/USD,20180108 19:03:47.192,1.19613,1.1961600000000001
EUR/USD,20180108 19:08:47.878,1.19623,1.19626
EUR/USD,20180108 19:13:48.952,1.19601,1.19605
EUR/USD,20180108 19:18:49.745,1.1957,1.1957200000000001
EUR/USD,20180108 19:23:50.963,1.19615,1.1961899999999999
EUR/USD,20180108 19:28:51.120,1.1962,1.19625
EUR/USD,20180108 19:33:52.951,1.19642,1.19644
EUR/USD,20180108 19:38:52.961,1.1964700000000001,1.19651
EUR/USD,20180108 19:43:55.630,1.19646,1.1965
EUR/USD,20180108 19:49:03.751,1.19636,1.19638
EUR/USD,20180108 19:54:08.513,1.1962700000000002,1.1962899999999999
EUR/USD,20180108 19:59:11.681,1.19632,1.19635
EUR/USD,20180108 20:04:12.778,1.19639,1.19641
EUR/USD,20180108 20:09:13.679,1.19658,1.19662
EUR/USD,20180108 20:14:16.520,1.19622,1.19626
EUR/USD,20180108 20:19:18.445,1.1963700000000002,1.19639
EUR/USD,20180108 20:24:18.811,1.19612,1.19615
EUR/USD,20180108 20:29:24.246,1.1961600000000001,1.1961899999999999
EUR/USD,20180108 20:34:26.439,1.19635,1.1963700000000002
EUR/USD,20180108 20:39:28.235,1.1964,1.1964299999999999
EUR/USD,20180108 20:44:34.660,1.19638,1.19642
EUR/USD,20180108 20:49:35.397,1.19638,1.19638
EUR/USD,20180108 20:54:50.072,1.19623,1.1962700000000002
EUR/USD,20180108 20:59:54.087,1.19662,1.19666
EUR/USD,20180108 21:04:54.836,1.19672,1.19676
EUR/USD,20180108 21:10:07.807,1.1965700000000001,1.1966
EUR/USD,20180108 21:15:10.521,1.1964,1.19641
EUR/USD,20180108 21:20:20.308,1.19646,1.19654
EUR/USD,20180108 21:25:23.785,1.19662,1.19666
EUR/USD,20180108 21:30:25.860,1.19662,1.19666
EUR/USD,20180108 21:35:40.751,1.19661,1.19666
EUR/USD,20180108 21:40:55.054,1.19679,1.19684
EUR/USD,20180108 21:45:56.245,1.1967299999999998,1.1967700000000001
EUR/USD,20180108 21:51:08.262,1.19666,1.19671
EUR/USD,20180108 21:56:10.863,1.1967,1.19674
EUR/USD,20180108 22:01:10.895,1.19674,1.1969
EUR/USD,20180108 22:06:11.253,1.1966,1.1969100000000001
EUR/USD,20180108 22:11:13.845,1.19664,1.19689
EUR/USD,20180108 22:16:17.777,1.1966,1.1967299999999998
EUR/USD,20180108 22:21:25.758,1.19664,1.19671
EUR/USD,20180108 22:26:30.407,1.19668,1.19676
EUR/USD,20180108 22:31:30.843,1.19669,1.19676
EUR/USD,20180108 22:36:35.832,1.1967700000000001,1.19684
EUR/USD,20180108 22:41:37.068,1.1967299999999998,1.19682
EUR/USD,20180108 22:46:38.057,1.19672,1.19681
EUR/USD,20180108 22:51:38.458,1.19678,1.19684
EUR/USD,20180108 22:56:42.395,1.1969,1.19698
EUR/USD,20180108 23:01:48.027,1.1967299999999998,1.19679
EUR/USD,20180108 23:06:50.899,1.19668,1.19671
EUR/USD,20180108 23:11:53.686,1.1967,1.19674
EUR/USD,20180108 23:17:03.700,1.19665,1.1967
EUR/USD,20180108 23:22:03.928,1.19664,1.1967
EUR/USD,20180108 23:27:08.321,1.19666,1.1967
EUR/USD,20180108 23:32:10.716,1.19679,1.1968299999999998
EUR/USD,20180108 23:37:15.988,1.19678,1.1968
EUR/USD,20180108 23:42:26.273,1.19696,1.197
EUR/USD,20180108 23:47:26.924,1.19692,1.19695
EUR/USD,20180108 23:52:27.479,1.19699,1.1970399999999999
EUR/USD,20180108 23:57:30.020,1.1970100000000001,1.1970399999999999
EUR/USD,20180109 00:02:30.424,1.19696,1.19699
EUR/USD,20180109 00:07:36.295,1.19685,1.19689
EUR/USD,20180109 00:12:36.521,1.19668,1.1967
EUR/USD,20180109 00:17:37.517,1.19661,1.19665
EUR/USD,20180109 00:22:41.643,1.19656,1.1966
EUR/USD,20180109 00:27:45.633,1.1967,1.1967299999999998
EUR/USD,20180109 00:32:45.648,1.1970399999999999,1.19705
EUR/USD,20180109 00:37:51.965,1.19716,1.19719
EUR/USD,20180109 00:42:53.750,1.19715,1.1972
EUR/USD,20180109 00:48:03.038,1.19728,1.19734
EUR/USD,20180109 00:53:03.463,1.19717,1.1972
EUR/USD,20180109 00:58:03.847,1.19712,1.19715
EUR/USD,20180109 01:03:07.697,1.1971100000000001,1.19713
EUR/USD,20180109 01:08:13.609,1.19699,1.1970399999999999
EUR/USD,20180109 01:13:19.366,1.19665,1.19668
EUR/USD,20180109 01:18:20.575,1.19649,1.1965299999999999
EUR/USD,20180109 01:23:23.104,1.19633,1.1963700000000002
EUR/USD,20180109 01:28:27.030,1.19625,1.1962899999999999
EUR/USD,20180109 01:33:34.460,1.19636,1.19639
EUR/USD,20180109 01:38:35.549,1.19641,1.19644
EUR/USD,20180109 01:43:36.718,1.19652,1.19655
EUR/USD,20180109 01:48:36.822,1.1966299999999999,1.1966299999999999
EUR/USD,20180109 01:53:37.714,1.19671,1.19674
EUR/USD,20180109 01:58:37.972,1.1967299999999998,1.19678
EUR/USD,20180109 02:03:41.104,1.1973200000000002,1.19736
EUR/USD,20180109 02:08:42.334,1.1974200000000002,1.19746
EUR/USD,20180109 02:13:46.237,1.19699,1.1970399999999999
EUR/USD,20180109 02:18:46.642,1.19727,1.19731
EUR/USD,20180109 02:23:47.639,1.19731,1.19735
EUR/USD,20180109 02:28:49.920,1.19679,1.19681
EUR/USD,20180109 02:33:54.384,1.19705,1.1971
EUR/USD,20180109 02:38:54.402,1.19687,1.19689
EUR/USD,20180109 02:43:55.476,1.19696,1.1970100000000001
EUR/USD,20180109 02:48:57.101,1.19707,1.19712
EUR/USD,20180109 02:53:58.128,1.19707,1.19709
EUR/USD,20180109 02:59:01.104,1.19723,1.19725
EUR/USD,20180109 03:04:03.311,1.19715,1.19716
EUR/USD,20180109 03:09:05.381,1.1972399999999999,1.19727
EUR/USD,20180109 03:14:09.530,1.19741,1.19744
EUR/USD,20180109 03:19:10.377,1.19715,1.19718
EUR/USD,20180109 03:24:10.525,1.1972,1.19725
EUR/USD,20180109 03:29:11.832,1.1970399999999999,1.19706
EUR/USD,20180109 03:34:12.538,1.19695,1.19698
EUR/USD,20180109 03:39:14.944,1.1967700000000001,1.1968
EUR/USD,20180109 03:44:27.893,1.1969,1.1969299999999998
EUR/USD,20180109 03:49:36.058,1.19702,1.19705
EUR/USD,20180109 03:54:39.179,1.19707,1.1971100000000001
EUR/USD,20180109 03:59:43.117,1.19717,1.1972
EUR/USD,20180109 04:04:44.403,1.19721,1.1972399999999999
EUR/USD,20180109 04:09:48.578,1.19709,1.1971100000000001
EUR/USD,20180109 04:14:59.093,1.19695,1.197
EUR/USD,20180109 04:20:04.209,1.19689,1.1969299999999998
EUR/USD,20180109 04:25:04.776,1.19671,1.19675
EUR/USD,20180109 04:30:04.787,1.19672,1.19675
EUR/USD,20180109 04:35:05.201,1.19661,1.19664
EUR/USD,20180109 04:40:07.332,1.19682,1.19685
EUR/USD,20180109 04:45:26.157,1.19684,1.19684
EUR/USD,20180109 04:50:42.304,1.19682,1.19686
EUR/USD,20180109 04:55:45.032,1.19661,1.19664
EUR/USD,20180109 05:00:45.690,1.19672,1.19674
EUR/USD,20180109 05:05:47.373,1.19696,1.19699
EUR/USD,20180109 05:10:48.533,1.19685,1.19689
EUR/USD,20180109 05:15:50.932,1.19678,1.1968
EUR/USD,20180109 05:20:53.809,1.19675,1.19679
EUR/USD,20180109 05:25:55.896,1.19668,1.19671
EUR/USD,20180109 05:30:56.187,1.19678,1.19681
EUR/USD,20180109 05:35:57.411,1.19669,1.19672
EUR/USD,20180109 05:41:19.357,1.197,1.1970399999999999
EUR/USD,20180109 05:46:22.014,1.19706,1.1971
EUR/USD,20180109 05:51:28.348,1.19705,1.1971
EUR/USD,20180109 05:56:29.838,1.19661,1.19665
EUR/USD,20180109 06:01:30.735,1.19645,1.19648
EUR/USD,20180109 06:06:32.957,1.19623,1.19626
EUR/USD,20180109 06:11:34.900,1.1960899999999999,1.19612
EUR/USD,20180109 06:16:48.895,1.19611,1.19615
EUR/USD,20180109 06:21:49.879,1.1962700000000002,1.1963
EUR/USD,20180109 06:26:56.954,1.1964299999999999,1.19645
EUR/USD,20180109 06:32:06.434,1.19632,1.1963700000000002
EUR/USD,20180109 06:37:06.888,1.19531,1.19534
EUR/USD,20180109 06:42:07.719,1.1954200000000001,1.19545
EUR/USD,20180109 06:47:07.762,1.1954,1.1954200000000001
EUR/USD,20180109 06:52:09.761,1.19579,1.19582
EUR/USD,20180109 06:57:09.805,1.1958,1.19584
EUR/USD,20180109 07:02:13.560,1.1961899999999999,1.19623
EUR/USD,20180109 07:07:15.021,1.19695,1.19697
EUR/USD,20180109 07:12:19.652,1.19681,1.19684
EUR/USD,20180109 07:17:20.596,1.19682,1.19685
EUR/USD,20180109 07:22:22.122,1.1964299999999999,1.19645
EUR/USD,20180109 07:27:22.233,1.19681,1.19684
EUR/USD,20180109 07:32:23.141,1.19655,1.19658
EUR/USD,20180109 07:37:24.931,1.19623,1.1962700000000002
EUR/USD,20180109 07:42:24.994,1.19591,1.19594
EUR/USD,20180109 07:47:25.276,1.19581,1.19583
EUR/USD,20180109 07:52:25.339,1.1953200000000002,1.19534
EUR/USD,20180109 07:57:26.505,1.19534,1.1953799999999999
EUR/USD,20180109 08:02:26.576,1.19471,1.19474
EUR/USD,20180109 08:07:27.699,1.1945,1.1945299999999999
EUR/USD,20180109 08:12:28.706,1.19446,1.1945
EUR/USD,20180109 08:17:30.065,1.19459,1.19462
EUR/USD,20180109 08:22:30.299,1.19454,1.1945700000000001
EUR/USD,20180109 08:27:30.740,1.19413,1.19415
EUR/USD,20180109 08:32:30.774,1.19376,1.19379
EUR/USD,20180109 08:37:32.182,1.1937,1.19373
EUR/USD,20180109 08:42:32.211,1.1935,1.1935200000000001
EUR/USD,20180109 08:47:34.554,1.1939799999999998,1.194
EUR/USD,20180109 08:52:37.899,1.19407,1.1940899999999999
EUR/USD,20180109 08:57:42.067,1.19397,1.1939899999999999
EUR/USD,20180109 09:02:42.136,1.19364,1.19367
EUR/USD,20180109 09:07:42.826,1.19385,1.1938799999999998
EUR/USD,20180109 09:12:42.974,1.1936,1.1936200000000001
EUR/USD,20180109 09:17:43.346,1.19438,1.19442
EUR/USD,20180109 09:22:43.553,1.19448,1.1945
EUR/USD,20180109 09:27:46.066,1.19412,1.19414
EUR/USD,20180109 09:32:47.139,1.19394,1.1939600000000001
EUR/USD,20180109 09:37:51.216,1.19361,1.19364
EUR/USD,20180109 09:42:51.410,1.19335,1.19336
EUR/USD,20180109 09:47:52.264,1.19349,1.1935200000000001
EUR/USD,20180109 09:52:54.830,1.1934799999999999,1.19349
EUR/USD,20180109 09:57:57.422,1.19365,1.19369
EUR/USD,20180109 10:02:57.930,1.1938799999999998,1.19392
EUR/USD,20180109 10:07:58.259,1.19331,1.19334
EUR/USD,20180109 10:12:58.267,1.19278,1.1928
EUR/USD,20180109 10:17:58.382,1.1932200000000002,1.19325
EUR/USD,20180109 10:23:01.133,1.19296,1.19299
EUR/USD,20180109 10:28:01.664,1.19307,1.19309
EUR/USD,20180109 10:33:02.323,1.19297,1.1930100000000001
EUR/USD,20180109 10:38:04.950,1.19278,1.19281
EUR/USD,20180109 10:43:05.394,1.19292,1.19295
EUR/USD,20180109 10:48:11.565,1.19274,1.19276
EUR/USD,20180109 10:53:12.605,1.19266,1.19268
EUR/USD,20180109 10:58:12.744,1.19274,1.19275
EUR/USD,20180109 11:03:24.472,1.19276,1.19277
EUR/USD,20180109 11:08:26.313,1.19258,1.19262
EUR/USD,20180109 11:13:27.082,1.19211,1.19213
EUR/USD,20180109 11:18:30.788,1.1924700000000001,1.1925
EUR/USD,20180109 11:23:30.974,1.1925,1.1925299999999999
EUR/USD,20180109 11:28:34.626,1.19268,1.19271
EUR/USD,20180109 11:33:35.955,1.1925700000000001,1.19261
EUR/USD,20180109 11:38:38.134,1.19274,1.19278
EUR/USD,20180109 11:43:38.319,1.19265,1.1926700000000001
EUR/USD,20180109 11:48:39.709,1.19289,1.19292
EUR/USD,20180109 11:53:42.216,1.19288,1.19289
EUR/USD,20180109 11:58:50.214,1.19286,1.1929
EUR/USD,20180109 12:03:51.605,1.19281,1.19284
EUR/USD,20180109 12:08:53.055,1.19288,1.1929
EUR/USD,20180109 12:13:53.653,1.1930399999999999,1.19307
EUR/USD,20180109 12:18:54.250,1.19309,1.1931100000000001
EUR/USD,20180109 12:23:54.378,1.19297,1.19299
EUR/USD,20180109 12:28:54.546,1.19276,1.1928
EUR/USD,20180109 12:33:57.266,1.19266,1.1926700000000001
EUR/USD,20180109 12:39:00.411,1.1929299999999998,1.19297
EUR/USD,20180109 12:44:01.501,1.19313,1.19317
EUR/USD,20180109 12:49:03.097,1.19325,1.19328
EUR/USD,20180109 12:54:07.378,1.1932399999999999,1.19326
EUR/USD,20180109 12:59:07.597,1.19336,1.19339
EUR/USD,20180109 13:04:08.593,1.19308,1.1931
EUR/USD,20180109 13:09:11.489,1.19279,1.19281
EUR/USD,20180109 13:14:12.955,1.1932,1.1932200000000002
EUR/USD,20180109 13:19:13.192,1.19323,1.1932399999999999
EUR/USD,20180109 13:24:14.113,1.19306,1.19308
EUR/USD,20180109 13:29:17.472,1.19245,1.19248
EUR/USD,20180109 13:34:23.108,1.19244,1.1924700000000001
EUR/USD,20180109 13:39:23.621,1.19208,1.1920899999999999
EUR/USD,20180109 13:44:25.752,1.19223,1.19226
EUR/USD,20180109 13:49:28.930,1.1921700000000002,1.1922
EUR/USD,20180109 13:54:29.123,1.1923700000000002,1.1924
EUR/USD,20180109 13:59:30.042,1.19223,1.19225
EUR/USD,20180109 14:04:30.114,1.1925299999999999,1.19256
EUR/USD,20180109 14:09:32.843,1.1929100000000001,1.1929299999999998
EUR/USD,20180109 14:14:33.164,1.19303,1.19305
EUR/USD,20180109 14:19:33.166,1.19287,1.19289
EUR/USD,20180109 14:24:33.204,1.19248,1.19252
EUR/USD,20180109 14:29:34.023,1.1927299999999998,1.19277
EUR/USD,20180109 14:34:35.434,1.19284,1.19286
EUR/USD,20180109 14:39:38.811,1.1929299999999998,1.19295
EUR/USD,20180109 14:44:41.379,1.193,1.19303
EUR/USD,20180109 14:49:41.749,1.19224,1.1922700000000002
EUR/USD,20180109 14:54:45.503,1.19255,1.19259
EUR/USD,20180109 14:59:46.044,1.19175,1.1917799999999998
EUR/USD,20180109 15:04:46.082,1.19249,1.19252
EUR/USD,20180109 15:09:47.279,1.19297,1.19299
EUR/USD,20180109 15:14:47.608,1.19275,1.19276
EUR/USD,20180109 15:19:48.060,1.1927,1.19272
EUR/USD,20180109 15:24:48.123,1.19245,1.1924700000000001
EUR/USD,20180109 15:29:49.096,1.19234,1.19238
EUR/USD,20180109 15:34:49.101,1.1919899999999999,1.19203
EUR/USD,20180109 15:39:49.105,1.19288,1.1929100000000001
EUR/USD,20180109 15:44:50.072,1.19298,1.19302
EUR/USD,20180109 15:49:50.711,1.19269,1.19272
EUR/USD,20180109 15:54:51.157,1.19316,1.19319
EUR/USD,20180109 15:59:51.525,1.193,1.193
EUR/USD,20180109 16:04:52.455,1.19292,1.19295
EUR/USD,20180109 16:09:53.222,1.19254,1.19256
EUR/USD,20180109 16:14:53.579,1.19258,1.19262
EUR/USD,20180109 16:19:59.088,1.19266,1.1927
EUR/USD,20180109 16:24:59.437,1.19245,1.19248
EUR/USD,20180109 16:29:59.448,1.19215,1.1921700000000002
EUR/USD,20180109 16:34:59.571,1.19231,1.19234
EUR/USD,20180109 16:40:03.503,1.19213,1.19216
EUR/USD,20180109 16:45:03.987,1.19229,1.19232
EUR/USD,20180109 16:50:04.790,1.19238,1.1924
EUR/USD,20180109 16:55:06.361,1.19226,1.19228
EUR/USD,20180109 17:00:07.186,1.19213,1.19216
EUR/USD,20180109 17:05:09.123,1.19204,1.19208
EUR/USD,20180109 17:10:11.388,1.19208,1.19211
EUR/USD,20180109 17:15:15.438,1.19228,1.19232
EUR/USD,20180109 17:20:18.054,1.19214,1.1921700000000002
EUR/USD,20180109 17:25:19.082,1.19224,1.19226
EUR/USD,20180109 17:30:21.655,1.1921700000000002,1.19221
EUR/USD,20180109 17:35:23.200,1.19205,1.19208
EUR/USD,20180109 17:40:29.765,1.1924299999999999,1.1924700000000001
EUR/USD,20180109 17:45:33.384,1.1923,1.19232
EUR/USD,20180109 17:50:34.924,1.19238,1.19242
EUR/USD,20180109 17:55:41.825,1.19221,1.19224
EUR/USD,20180109 18:00:42.754,1.19203,1.1920600000000001
EUR/USD,20180109 18:05:43.308,1.19214,1.1921700000000002
EUR/USD,20180109 18:10:46.387,1.19213,1.19216
EUR/USD,20180109 18:15:46.866,1.19205,1.19208
EUR/USD,20180109 18:20:50.896,1.19181,1.19184
EUR/USD,20180109 18:25:53.627,1.19202,1.19204
EUR/USD,20180109 18:30:53.753,1.19236,1.19238
EUR/USD,20180109 18:36:03.947,1.19246,1.1925
EUR/USD,20180109 18:41:06.391,1.19235,1.19238
EUR/USD,20180109 18:46:18.183,1.1924299999999999,1.1924700000000001
EUR/USD,20180109 18:51:24.432,1.19252,1.19255
EUR/USD,20180109 18:56:24.450,1.19278,1.19278
EUR/USD,20180109 19:01:24.694,1.19292,1.19294
EUR/USD,20180109 19:06:37.980,1.1925299999999999,1.1925700000000001
EUR/USD,20180109 19:11:42.592,1.19317,1.19321
EUR/USD,20180109 19:16:42.714,1.19331,1.19335
EUR/USD,20180109 19:21:45.472,1.19337,1.19343
EUR/USD,20180109 19:26:46.218,1.1934799999999999,1.1935
EUR/USD,20180109 19:31:49.057,1.19339,1.1934200000000001
EUR/USD,20180109 19:36:49.224,1.19307,1.1931100000000001
EUR/USD,20180109 19:41:49.279,1.19319,1.19321
EUR/USD,20180109 19:46:51.455,1.1931200000000002,1.19315
EUR/USD,20180109 19:51:58.089,1.19297,1.193
EUR/USD,20180109 19:56:58.952,1.19297,1.1930100000000001
EUR/USD,20180109 20:02:00.312,1.19334,1.1933799999999999
EUR/USD,20180109 20:07:00.382,1.19319,1.19323
EUR/USD,20180109 20:12:02.713,1.1932,1.19323
EUR/USD,20180109 20:17:09.396,1.19309,1.19313
EUR/USD,20180109 20:22:09.740,1.19319,1.1932200000000002
EUR/USD,20180109 20:27:10.708,1.19339,1.19343
EUR/USD,20180109 20:32:10.755,1.19318,1.19321
EUR/USD,20180109 20:37:11.897,1.19318,1.19321
EUR/USD,20180109 20:42:12.407,1.19321,1.1932399999999999
EUR/USD,20180109 20:47:12.890,1.19346,1.19347
EUR/USD,20180109 20:52:19.784,1.1934200000000001,1.19346
EUR/USD,20180109 20:57:20.767,1.1935,1.1935200000000001
EUR/USD,20180109 21:02:22.451,1.19389,1.19392
EUR/USD,20180109 21:07:24.972,1.19365,1.19367
EUR/USD,20180109 21:12:30.800,1.19377,1.19381
EUR/USD,20180109 21:17:31.266,1.19383,1.1938600000000001
EUR/USD,20180109 21:22:44.081,1.19382,1.1938600000000001
EUR/USD,20180109 21:27:44.185,1.19379,1.19381
EUR/USD,20180109 21:32:44.502,1.19381,1.19385
EUR/USD,20180109 21:37:45.771,1.19365,1.19366
EUR/USD,20180109 21:42:48.282,1.19365,1.1936799999999999
EUR/USD,20180109 21:47:48.777,1.1935799999999999,1.1936200000000001
EUR/USD,20180109 21:52:48.917,1.19364,1.19366
EUR/USD,20180109 21:57:55.560,1.19366,1.1937
EUR/USD,20180109 22:02:58.924,1.19354,1.19385
EUR/USD,20180109 22:08:21.590,1.19351,1.19376
EUR/USD,20180109 22:13:33.475,1.19357,1.1937
EUR/USD,20180109 22:18:38.053,1.19347,1.19365
EUR/USD,20180109 22:24:00.546,1.19353,1.19383
EUR/USD,20180109 22:29:03.831,1.19353,1.1938
EUR/USD,20180109 22:34:25.810,1.19354,1.19373
EUR/USD,20180109 22:39:37.146,1.1936,1.1937200000000001
EUR/USD,20180109 22:45:00.977,1.19355,1.1937799999999998
EUR/USD,20180109 22:50:03.874,1.19374,1.19383
EUR/USD,20180109 22:55:11.044,1.19366,1.19379
EUR/USD,20180109 23:00:11.193,1.19355,1.19357
EUR/USD,20180109 23:05:11.280,1.1934200000000001,1.19347
EUR/USD,20180109 23:10:28.588,1.19345,1.1935
EUR/USD,20180109 23:15:32.067,1.19343,1.19343
EUR/USD,20180109 23:20:39.342,1.1934799999999999,1.1935
EUR/USD,20180109 23:25:42.424,1.19318,1.19325
EUR/USD,20180109 23:30:44.219,1.19329,1.19334
EUR/USD,20180109 23:35:44.233,1.19315,1.19319
EUR/USD,20180109 23:40:44.927,1.19318,1.1932200000000002
EUR/USD,20180109 23:45:47.271,1.1935,1.19354
EUR/USD,20180109 23:50:51.930,1.19299,1.19305
EUR/USD,20180109 23:56:02.998,1.19302,1.19307
EUR/USD,20180110 00:01:09.132,1.19298,1.19303
EUR/USD,20180110 00:06:09.439,1.19316,1.19318
EUR/USD,20180110 00:11:12.070,1.19319,1.19323
EUR/USD,20180110 00:16:19.189,1.19309,1.1931200000000002
EUR/USD,20180110 00:21:21.419,1.19308,1.1931200000000002
EUR/USD,20180110 00:26:25.801,1.19335,1.19339
EUR/USD,20180110 00:31:30.574,1.19337,1.19341
EUR/USD,20180110 00:36:42.046,1.19369,1.19373
EUR/USD,20180110 00:41:47.775,1.19331,1.19335
EUR/USD,20180110 00:47:00.621,1.19336,1.19339
EUR/USD,20180110 00:52:04.866,1.19305,1.19309
EUR/USD,20180110 00:57:08.263,1.19345,1.19347
EUR/USD,20180110 01:02:10.905,1.1936,1.19363
EUR/USD,20180110 01:07:11.073,1.1938,1.1938600000000001
EUR/USD,20180110 01:12:12.258,1.19379,1.19383
EUR/USD,20180110 01:17:13.644,1.194,1.19405
EUR/USD,20180110 01:22:15.336,1.1937200000000001,1.19376
EUR/USD,20180110 01:27:19.232,1.1935799999999999,1.19363
EUR/USD,20180110 01:32:19.749,1.1935,1.19354
EUR/USD,20180110 01:37:19.914,1.1936,1.19363
EUR/USD,20180110 01:42:20.989,1.19375,1.19379
EUR/USD,20180110 01:47:22.944,1.1941899999999999,1.19421
EUR/USD,20180110 01:52:24.028,1.19415,1.19416
EUR/USD,20180110 01:57:24.967,1.1941700000000002,1.19421
EUR/USD,20180110 02:02:27.440,1.1943,1.19434
EUR/USD,20180110 02:07:29.965,1.19416,1.1941899999999999
EUR/USD,20180110 02:12:29.980,1.19418,1.1942
EUR/USD,20180110 02:17:30.198,1.19455,1.1945700000000001
EUR/USD,20180110 02:22:31.447,1.19465,1.19469
EUR/USD,20180110 02:27:36.124,1.1945700000000001,1.19461
EUR/USD,20180110 02:32:38.856,1.19455,1.19456
EUR/USD,20180110 02:37:43.493,1.19465,1.19468
EUR/USD,20180110 02:42:46.385,1.1944,1.19444
EUR/USD,20180110 02:47:46.880,1.1946,1.19462
EUR/USD,20180110 02:52:56.503,1.19466,1.19471
EUR/USD,20180110 02:57:57.637,1.1947,1.19474
EUR/USD,20180110 03:03:00.572,1.1949,1.1949100000000001
EUR/USD,20180110 03:08:05.209,1.19485,1.1949
EUR/USD,20180110 03:13:10.265,1.19475,1.19478
EUR/USD,20180110 03:18:15.156,1.19477,1.19479
EUR/USD,20180110 03:23:16.510,1.1946299999999999,1.19465
EUR/USD,20180110 03:28:23.084,1.19469,1.19472
EUR/USD,20180110 03:33:23.413,1.19469,1.19472
EUR/USD,20180110 03:38:27.611,1.1944700000000001,1.19452
EUR/USD,20180110 03:43:30.555,1.1944299999999999,1.1944700000000001
EUR/USD,20180110 03:48:37.378,1.19428,1.19431
EUR/USD,20180110 03:53:40.631,1.19428,1.19432
EUR/USD,20180110 03:58:50.529,1.1943,1.19433
EUR/USD,20180110 04:03:53.797,1.19418,1.19422
EUR/USD,20180110 04:08:53.845,1.1942,1.19425
EUR/USD,20180110 04:14:00.855,1.194,1.19404
EUR/USD,20180110 04:19:02.137,1.1940600000000001,1.19408
EUR/USD,20180110 04:24:15.011,1.194,1.19404
EUR/USD,20180110 04:29:17.661,1.19403,1.1940600000000001
EUR/USD,20180110 04:34:22.595,1.19402,1.19403
EUR/USD,20180110 04:39:22.696,1.19394,1.19394
EUR/USD,20180110 04:44:22.924,1.1939,1.19391
EUR/USD,20180110 04:49:24.510,1.1936799999999999,1.19371
EUR/USD,20180110 04:54:28.213,1.19374,1.19376
EUR/USD,20180110 04:59:28.625,1.19357,1.1936
EUR/USD,20180110 05:04:29.626,1.19373,1.1937799999999998
EUR/USD,20180110 05:09:38.457,1.19379,1.19384
EUR/USD,20180110 05:14:41.414,1.19354,1.1935799999999999
EUR/USD,20180110 05:19:42.287,1.19373,1.19376
EUR/USD,20180110 05:24:43.950,1.19381,1.19384
EUR/USD,20180110 05:29:48.971,1.19404,1.1940600000000001
EUR/USD,20180110 05:34:52.766,1.19376,1.19379
EUR/USD,20180110 05:39:53.664,1.19384,1.1938799999999998
EUR/USD,20180110 05:44:57.073,1.1935799999999999,1.19359
EUR/USD,20180110 05:50:00.274,1.19333,1.19337
EUR/USD,20180110 05:55:01.053,1.19294,1.19298
EUR/USD,20180110 06:00:01.113,1.19276,1.19279
EUR/USD,20180110 06:05:01.227,1.19289,1.19292
EUR/USD,20180110 06:10:07.545,1.19325,1.19329
EUR/USD,20180110 06:15:07.967,1.193,1.19303
EUR/USD,20180110 06:20:09.114,1.1929,1.19292
EUR/USD,20180110 06:25:11.460,1.19309,1.1931100000000001
EUR/USD,20180110 06:30:13.510,1.19279,1.19282
EUR/USD,20180110 06:35:15.597,1.1927,1.19274
EUR/USD,20180110 06:40:16.251,1.19254,1.1925700000000001
EUR/USD,20180110 06:45:16.374,1.19254,1.19258
EUR/USD,20180110 06:50:17.113,1.1926299999999999,1.19265
EUR/USD,20180110 06:55:19.923,1.19269,1.19271
EUR/USD,20180110 07:00:21.319,1.19284,1.19284
EUR/USD,20180110 07:05:21.611,1.19318,1.1932200000000002
EUR/USD,20180110 07:10:24.058,1.19309,1.1931200000000002
EUR/USD,20180110 07:15:25.204,1.1934200000000001,1.19344
EUR/USD,20180110 07:20:27.676,1.19361,1.19363
EUR/USD,20180110 07:25:30.037,1.1940899999999999,1.19412
EUR/USD,20180110 07:30:30.402,1.19367,1.19371
EUR/USD,20180110 07:35:30.628,1.19382,1.19384
EUR/USD,20180110 07:40:30.995,1.19385,1.1938799999999998
EUR/USD,20180110 07:45:32.171,1.19374,1.19377
EUR/USD,20180110 07:50:34.046,1.1936200000000001,1.19365
EUR/USD,20180110 07:55:34.062,1.19364,1.19366
EUR/USD,20180110 08:00:34.333,1.19346,1.1934799999999999
EUR/USD,20180110 08:05:35.086,1.19394,1.19397
EUR/USD,20180110 08:10:35.512,1.19435,1.19438
EUR/USD,20180110 08:15:36.590,1.19444,1.19445
EUR/USD,20180110 08:20:40.906,1.19462,1.19465
EUR/USD,20180110 08:25:43.904,1.1951200000000002,1.19515
EUR/USD,20180110 08:30:44.236,1.19523,1.19527
EUR/USD,20180110 08:35:45.815,1.19527,1.19529
EUR/USD,20180110 08:40:46.552,1.1949299999999998,1.19496
EUR/USD,20180110 08:45:47.816,1.1949100000000001,1.19494
EUR/USD,20180110 08:50:47.928,1.1949,1.19492
EUR/USD,20180110 08:55:50.052,1.19484,1.19486
EUR/USD,20180110 09:00:50.493,1.19479,1.19481
EUR/USD,20180110 09:05:51.526,1.19429,1.19431
EUR/USD,20180110 09:10:51.548,1.19433,1.19435
EUR/USD,20180110 09:15:51.655,1.19448,1.1945
EUR/USD,20180110 09:20:53.659,1.1944,1.19442
EUR/USD,20180110 09:25:55.810,1.1945299999999999,1.19456
EUR/USD,20180110 09:30:58.182,1.19466,1.19469
EUR/USD,20180110 09:35:58.913,1.19431,1.19434
EUR/USD,20180110 09:41:06.827,1.19462,1.19466
EUR/USD,20180110 09:46:09.646,1.1946,1.19464
EUR/USD,20180110 09:51:09.977,1.19408,1.19412
EUR/USD,20180110 09:56:10.005,1.19397,1.194
EUR/USD,20180110 10:01:10.875,1.19374,1.19376
EUR/USD,20180110 10:06:11.907,1.1935799999999999,1.19359
EUR/USD,20180110 10:11:12.572,1.19354,1.19357
EUR/USD,20180110 10:16:12.707,1.1939600000000001,1.1939899999999999
EUR/USD,20180110 10:21:12.748,1.1940899999999999,1.19413
EUR/USD,20180110 10:26:12.773,1.19422,1.19424
EUR/USD,20180110 10:31:13.219,1.19371,1.19374
EUR/USD,20180110 10:36:13.228,1.19515,1.19518
EUR/USD,20180110 10:41:13.283,1.1971100000000001,1.19712
EUR/USD,20180110 10:46:13.284,1.19889,1.1989100000000001
EUR/USD,20180110 10:51:13.288,1.1996,1.19964
EUR/USD,20180110 10:56:18.507,1.19908,1.1991
EUR/USD,20180110 11:01:18.525,1.1999,1.19993
EUR/USD,20180110 11:06:18.765,1.20065,1.20068
EUR/USD,20180110 11:11:19.288,1.19965,1.19969
EUR/USD,20180110 11:16:20.406,1.1994799999999999,1.1995200000000001
EUR/USD,20180110 11:21:21.219,1.19896,1.19899
EUR/USD,20180110 11:26:23.718,1.19982,1.19982
EUR/USD,20180110 11:31:24.934,1.19967,1.1997
EUR/USD,20180110 11:36:24.976,1.19989,1.19991
EUR/USD,20180110 11:41:25.275,1.20018,1.2001899999999999
EUR/USD,20180110 11:46:25.282,1.2013,1.20131
EUR/USD,20180110 11:51:27.002,1.2008299999999998,1.20085
EUR/USD,20180110 11:56:27.881,1.2008,1.20084
EUR/USD,20180110 12:01:28.408,1.20086,1.20088
EUR/USD,20180110 12:06:29.267,1.20116,1.2012
EUR/USD,20180110 12:11:29.392,1.20141,1.20144
EUR/USD,20180110 12:16:31.884,1.20072,1.20075
EUR/USD,20180110 12:21:34.048,1.20061,1.20062
EUR/USD,20180110 12:26:34.254,1.20119,1.20123
EUR/USD,20180110 12:31:34.484,1.20128,1.20131
EUR/USD,20180110 12:36:36.818,1.20096,1.20098
EUR/USD,20180110 12:41:36.834,1.20058,1.20062
EUR/USD,20180110 12:46:41.285,1.2006299999999999,1.20065
EUR/USD,20180110 12:51:41.322,1.20034,1.20036
EUR/USD,20180110 12:56:41.483,1.20004,1.20007
EUR/USD,20180110 13:01:41.497,1.1993,1.1993200000000002
EUR/USD,20180110 13:06:41.499,1.19977,1.1997799999999998
EUR/USD,20180110 13:11:42.050,1.1994,1.19941
EUR/USD,20180110 13:16:42.076,1.19919,1.19923
EUR/USD,20180110 13:21:44.397,1.1997,1.1997200000000001
EUR/USD,20180110 13:26:45.428,1.19979,1.19982
EUR/USD,20180110 13:31:45.547,1.1998,1.19983
EUR/USD,20180110 13:36:45.764,1.2000600000000001,1.20008
EUR/USD,20180110 13:41:46.436,1.19994,1.19997
EUR/USD,20180110 13:46:46.666,1.19927,1.1993
EUR/USD,20180110 13:51:47.446,1.19917,1.19921
EUR/USD,20180110 13:56:47.487,1.19902,1.1990399999999999
EUR/USD,20180110 14:01:48.552,1.19965,1.1996799999999999
EUR/USD,20180110 14:06:49.582,1.19976,1.1997799999999998
EUR/USD,20180110 14:11:52.565,1.1999799999999998,1.20002
EUR/USD,20180110 14:16:54.143,1.20062,1.20064
EUR/USD,20180110 14:21:54.701,1.20018,1.20018
EUR/USD,20180110 14:26:55.730,1.19985,1.19987
EUR/USD,20180110 14:31:55.941,1.19929,1.19931
EUR/USD,20180110 14:36:57.859,1.19834,1.19838
EUR/USD,20180110 14:41:58.590,1.1981600000000001,1.19818
EUR/USD,20180110 14:46:59.310,1.19808,1.19811
EUR/USD,20180110 14:51:59.327,1.1985,1.1985299999999999
EUR/USD,20180110 14:56:59.414,1.19861,1.1986299999999999
EUR/USD,20180110 15:01:59.670,1.1985299999999999,1.19856
EUR/USD,20180110 15:07:03.205,1.19859,1.19862
EUR/USD,20180110 15:12:03.351,1.1992399999999999,1.19928
EUR/USD,20180110 15:17:03.555,1.19938,1.19941
EUR/USD,20180110 15:22:04.394,1.1993,1.1993200000000002
EUR/USD,20180110 15:27:07.303,1.19872,1.19875
EUR/USD,20180110 15:32:11.722,1.1987299999999999,1.19875
EUR/USD,20180110 15:37:12.763,1.19822,1.19825
EUR/USD,20180110 15:42:12.908,1.19818,1.1981899999999999
EUR/USD,20180110 15:47:14.030,1.19836,1.19838
EUR/USD,20180110 15:52:14.415,1.19825,1.1982700000000002
EUR/USD,20180110 15:57:14.629,1.1982899999999999,1.19832
EUR/USD,20180110 16:02:15.414,1.1975799999999999,1.1976200000000001
EUR/USD,20180110 16:07:15.797,1.19769,1.19773
EUR/USD,20180110 16:12:17.206,1.19736,1.19739
EUR/USD,20180110 16:17:17.252,1.19756,1.1976
EUR/USD,20180110 16:22:17.278,1.19669,1.19672
EUR/USD,20180110 16:27:20.052,1.1967700000000001,1.19682
EUR/USD,20180110 16:32:20.544,1.19719,1.19721
EUR/USD,20180110 16:37:21.598,1.1964,1.19644
EUR/USD,20180110 16:42:22.020,1.19645,1.19649
EUR/USD,20180110 16:47:22.193,1.19671,1.1967299999999998
EUR/USD,20180110 16:52:22.883,1.19628,1.1963
EUR/USD,20180110 16:57:23.660,1.19566,1.19569
EUR/USD,20180110 17:02:24.542,1.1959600000000001,1.1959899999999999
EUR/USD,20180110 17:07:26.678,1.19603,1.1960600000000001
EUR/USD,20180110 17:12:27.189,1.19561,1.1956200000000001
EUR/USD,20180110 17:17:28.118,1.19546,1.19549
EUR/USD,20180110 17:22:28.313,1.19628,1.19632
EUR/USD,20180110 17:27:28.506,1.19611,1.19614
EUR/USD,20180110 17:32:29.805,1.19564,1.19566
EUR/USD,20180110 17:37:30.648,1.19611,1.19614
EUR/USD,20180110 17:42:35.646,1.19622,1.19626
EUR/USD,20180110 17:47:36.740,1.19636,1.19639
EUR/USD,20180110 17:52:37.078,1.19592,1.19595
EUR/USD,20180110 17:57:40.433,1.19608,1.1960899999999999
EUR/USD,20180110 18:02:40.535,1.19656,1.1966
EUR/USD,20180110 18:07:42.617,1.19655,1.19658
EUR/USD,20180110 18:12:42.992,1.19623,1.19625
EUR/USD,20180110 18:17:43.664,1.19652,1.19656
EUR/USD,20180110 18:22:47.976,1.19672,1.19675
EUR/USD,20180110 18:27:53.129,1.19642,1.19645
EUR/USD,20180110 18:32:54.137,1.19646,1.1965
EUR/USD,20180110 18:37:54.697,1.19585,1.1958799999999998
EUR/USD,20180110 18:42:58.223,1.1958799999999998,1.19591
EUR/USD,20180110 18:47:59.257,1.19577,1.19582
EUR/USD,20180110 18:53:00.270,1.1957799999999998,1.19581
EUR/USD,20180110 18:58:01.547,1.19595,1.19597
EUR/USD,20180110 19:03:01.870,1.1957200000000001,1.19576
EUR/USD,20180110 19:08:01.898,1.19549,1.19553
EUR/USD,20180110 19:13:02.252,1.19527,1.1953
EUR/USD,20180110 19:18:02.777,1.1948,1.1948299999999998
EUR/USD,20180110 19:23:03.682,1.19461,1.19464
EUR/USD,20180110 19:28:03.791,1.19498,1.19498
EUR/USD,20180110 19:33:04.182,1.19536,1.1953799999999999
EUR/USD,20180110 19:38:04.401,1.19496,1.19497
EUR/USD,20180110 19:43:06.848,1.19528,1.1953200000000002
EUR/USD,20180110 19:48:07.514,1.1949299999999998,1.19496
EUR/USD,20180110 19:53:09.769,1.19525,1.19527
EUR/USD,20180110 19:58:11.154,1.1957,1.1957200000000001
EUR/USD,20180110 20:03:16.603,1.1962700000000002,1.19632
EUR/USD,20180110 20:08:16.768,1.19613,1.19618
EUR/USD,20180110 20:13:16.910,1.19573,1.19575
EUR/USD,20180110 20:18:18.565,1.19567,1.1957200000000001
EUR/USD,20180110 20:23:18.567,1.1957,1.19573
EUR/USD,20180110 20:28:19.438,1.19583,1.1958600000000001
EUR/USD,20180110 20:33:22.992,1.19557,1.1956200000000001
EUR/USD,20180110 20:38:28.307,1.1955200000000001,1.19556
EUR/USD,20180110 20:43:28.868,1.19603,1.19608
EUR/USD,20180110 20:48:28.872,1.19594,1.19597
EUR/USD,20180110 20:53:30.123,1.19573,1.1957799999999998
EUR/USD,20180110 20:58:33.508,1.1957799999999998,1.19581
EUR/USD,20180110 21:03:33.750,1.1957200000000001,1.19575
EUR/USD,20180110 21:08:37.333,1.1955799999999999,1.19561
EUR/USD,20180110 21:13:47.509,1.19556,1.19559
EUR/USD,20180110 21:18:49.487,1.1955200000000001,1.19556
EUR/USD,20180110 21:23:57.157,1.19546,1.19551
EUR/USD,20180110 21:29:00.358,1.195,1.1950399999999999
EUR/USD,20180110 21:34:00.460,1.19523,1.19526
EUR/USD,20180110 21:39:03.419,1.19479,1.19484
EUR/USD,20180110 21:44:05.402,1.19496,1.19499
EUR/USD,20180110 21:49:06.068,1.19508,1.1951200000000002
EUR/USD,20180110 21:54:17.205,1.19485,1.19492
EUR/USD,20180110 21:59:20.457,1.19472,1.19478
EUR/USD,20180110 22:04:22.245,1.19476,1.1948
EUR/USD,20180110 22:09:42.754,1.19485,1.1949299999999998
EUR/USD,20180110 22:14:52.172,1.19502,1.1951
