EUR/USD,20170801 00:00:00.065,1.18208,1.18211
EUR/USD,20170801 00:05:00.938,1.18251,1.18254
EUR/USD,20170801 00:10:03.960,1.18275,1.18276
EUR/USD,20170801 00:15:05.135,1.18252,1.18254
EUR/USD,20170801 00:20:05.840,1.18224,1.1822700000000002
EUR/USD,20170801 00:25:06.388,1.18265,1.18269
EUR/USD,20170801 00:30:08.706,1.1824,1.18241
EUR/USD,20170801 00:35:08.993,1.18252,1.18255
EUR/USD,20170801 00:40:09.579,1.18277,1.1828100000000001
EUR/USD,20170801 00:45:10.051,1.18226,1.1823
EUR/USD,20170801 00:50:10.877,1.18219,1.18222
EUR/USD,20170801 00:55:11.568,1.18242,1.18245
EUR/USD,20170801 01:00:12.929,1.18266,1.18269
EUR/USD,20170801 01:05:16.493,1.1827,1.18274
EUR/USD,20170801 01:10:20.489,1.1824,1.18245
EUR/USD,20170801 01:15:31.767,1.18216,1.18219
EUR/USD,20170801 01:20:32.756,1.18229,1.1823299999999999
EUR/USD,20170801 01:25:36.084,1.18262,1.18266
EUR/USD,20170801 01:30:36.667,1.1825299999999999,1.18256
EUR/USD,20170801 01:35:39.069,1.18248,1.1825
EUR/USD,20170801 01:40:39.202,1.18241,1.18242
EUR/USD,20170801 01:45:39.225,1.18256,1.1826
EUR/USD,20170801 01:50:41.887,1.18279,1.18282
EUR/USD,20170801 01:55:42.735,1.18287,1.1829100000000001
EUR/USD,20170801 02:00:44.302,1.18287,1.1829100000000001
EUR/USD,20170801 02:05:44.699,1.1830399999999999,1.18309
EUR/USD,20170801 02:10:46.109,1.18297,1.1830100000000001
EUR/USD,20170801 02:15:46.145,1.1830399999999999,1.18307
EUR/USD,20170801 02:20:47.316,1.1832,1.18323
EUR/USD,20170801 02:25:49.649,1.18311,1.1831399999999999
EUR/USD,20170801 02:30:50.261,1.18305,1.18307
EUR/USD,20170801 02:35:55.826,1.18308,1.1831200000000002
EUR/USD,20170801 02:41:01.121,1.18309,1.1831200000000002
EUR/USD,20170801 02:46:02.907,1.1831,1.18315
EUR/USD,20170801 02:51:03.040,1.18277,1.1828100000000001
EUR/USD,20170801 02:56:04.706,1.1827,1.18272
EUR/USD,20170801 03:01:05.329,1.18267,1.18271
EUR/USD,20170801 03:06:10.982,1.18272,1.18277
EUR/USD,20170801 03:11:11.138,1.18249,1.18255
EUR/USD,20170801 03:16:11.909,1.18238,1.18241
EUR/USD,20170801 03:21:12.845,1.18252,1.18254
EUR/USD,20170801 03:26:14.876,1.18264,1.18267
EUR/USD,20170801 03:31:19.817,1.1826,1.1826299999999998
EUR/USD,20170801 03:36:35.126,1.1826,1.18262
EUR/USD,20170801 03:41:35.165,1.1825700000000001,1.18261
EUR/USD,20170801 03:46:35.322,1.18272,1.18275
EUR/USD,20170801 03:51:36.217,1.18266,1.18269
EUR/USD,20170801 03:56:40.607,1.18244,1.18249
EUR/USD,20170801 04:01:42.705,1.18268,1.1827299999999998
EUR/USD,20170801 04:06:45.973,1.1830100000000001,1.18305
EUR/USD,20170801 04:11:47.354,1.1830100000000001,1.18305
EUR/USD,20170801 04:16:47.419,1.18271,1.18272
EUR/USD,20170801 04:21:49.906,1.18277,1.18279
EUR/USD,20170801 04:26:50.733,1.18269,1.18271
EUR/USD,20170801 04:31:51.746,1.18269,1.1827299999999998
EUR/USD,20170801 04:36:53.625,1.18303,1.18308
EUR/USD,20170801 04:42:00.568,1.18323,1.18325
EUR/USD,20170801 04:47:04.879,1.18308,1.18311
EUR/USD,20170801 04:52:05.588,1.18286,1.18288
EUR/USD,20170801 04:57:15.200,1.18288,1.18293
EUR/USD,20170801 05:02:17.225,1.1832,1.1832200000000002
EUR/USD,20170801 05:07:20.004,1.1831399999999999,1.18319
EUR/USD,20170801 05:12:20.486,1.18308,1.18313
EUR/USD,20170801 05:17:24.595,1.183,1.1830200000000002
EUR/USD,20170801 05:22:31.599,1.18303,1.18307
EUR/USD,20170801 05:27:39.525,1.183,1.18305
EUR/USD,20170801 05:32:43.495,1.18282,1.18285
EUR/USD,20170801 05:37:44.672,1.18265,1.18268
EUR/USD,20170801 05:42:45.644,1.1824700000000001,1.18251
EUR/USD,20170801 05:47:53.973,1.18256,1.1826
EUR/USD,20170801 05:52:57.624,1.1825299999999999,1.1825700000000001
EUR/USD,20170801 05:57:58.353,1.18213,1.18216
EUR/USD,20170801 06:02:59.123,1.18169,1.18172
EUR/USD,20170801 06:07:59.162,1.18184,1.1818799999999998
EUR/USD,20170801 06:13:00.726,1.1817600000000001,1.1818
EUR/USD,20170801 06:18:01.078,1.18145,1.1814799999999999
EUR/USD,20170801 06:23:01.376,1.18134,1.18135
EUR/USD,20170801 06:28:01.574,1.18141,1.18146
EUR/USD,20170801 06:33:03.576,1.18157,1.18161
EUR/USD,20170801 06:38:03.637,1.1822700000000002,1.1822700000000002
EUR/USD,20170801 06:43:03.870,1.18254,1.18258
EUR/USD,20170801 06:48:05.303,1.18293,1.18296
EUR/USD,20170801 06:53:05.983,1.18287,1.18289
EUR/USD,20170801 06:58:08.704,1.18216,1.18219
EUR/USD,20170801 07:03:10.202,1.18164,1.18166
EUR/USD,20170801 07:08:17.264,1.1815799999999999,1.18161
EUR/USD,20170801 07:13:18.047,1.1817600000000001,1.18179
EUR/USD,20170801 07:18:19.086,1.1816799999999998,1.1817
EUR/USD,20170801 07:23:19.183,1.18177,1.1817799999999998
EUR/USD,20170801 07:28:19.677,1.18136,1.18137
EUR/USD,20170801 07:33:19.778,1.1815200000000001,1.18153
EUR/USD,20170801 07:38:20.410,1.18134,1.1813799999999999
EUR/USD,20170801 07:43:21.028,1.18172,1.18174
EUR/USD,20170801 07:48:21.263,1.18177,1.18177
EUR/USD,20170801 07:53:21.984,1.18222,1.18226
EUR/USD,20170801 07:58:22.191,1.18161,1.18161
EUR/USD,20170801 08:03:24.434,1.18296,1.18297
EUR/USD,20170801 08:08:25.348,1.18244,1.1824700000000001
EUR/USD,20170801 08:13:30.201,1.1823700000000001,1.1823700000000001
EUR/USD,20170801 08:18:30.614,1.1825700000000001,1.18261
EUR/USD,20170801 08:23:30.664,1.18239,1.18241
EUR/USD,20170801 08:28:31.007,1.1818799999999998,1.1818899999999999
EUR/USD,20170801 08:33:31.688,1.18169,1.18169
EUR/USD,20170801 08:38:33.955,1.18177,1.1817799999999998
EUR/USD,20170801 08:43:35.379,1.18221,1.18225
EUR/USD,20170801 08:48:35.522,1.18218,1.18221
EUR/USD,20170801 08:53:39.588,1.18181,1.18185
EUR/USD,20170801 08:58:39.644,1.1819899999999999,1.1819899999999999
EUR/USD,20170801 09:03:39.764,1.18171,1.18173
EUR/USD,20170801 09:08:40.031,1.18127,1.18129
EUR/USD,20170801 09:13:41.740,1.18136,1.1813799999999999
EUR/USD,20170801 09:18:42.014,1.18111,1.18113
EUR/USD,20170801 09:23:44.132,1.1812200000000002,1.18123
EUR/USD,20170801 09:28:44.638,1.18153,1.18156
EUR/USD,20170801 09:33:44.749,1.18172,1.1817600000000001
EUR/USD,20170801 09:38:44.931,1.18098,1.181
EUR/USD,20170801 09:43:45.231,1.18141,1.18145
EUR/USD,20170801 09:48:46.166,1.18159,1.18161
EUR/USD,20170801 09:53:46.462,1.1818899999999999,1.18191
EUR/USD,20170801 09:58:48.032,1.18174,1.1817799999999998
EUR/USD,20170801 10:03:50.833,1.18134,1.18137
EUR/USD,20170801 10:08:52.045,1.18147,1.18149
EUR/USD,20170801 10:13:53.943,1.1814,1.18143
EUR/USD,20170801 10:19:00.688,1.1811,1.1811399999999999
EUR/USD,20170801 10:24:01.730,1.18061,1.18064
EUR/USD,20170801 10:29:01.998,1.18058,1.18061
EUR/USD,20170801 10:34:02.257,1.18082,1.18085
EUR/USD,20170801 10:39:02.536,1.18068,1.18072
EUR/USD,20170801 10:44:03.133,1.1813,1.18133
EUR/USD,20170801 10:49:05.031,1.1811200000000002,1.18115
EUR/USD,20170801 10:54:05.284,1.18096,1.18099
EUR/USD,20170801 10:59:05.812,1.18131,1.18134
EUR/USD,20170801 11:04:06.066,1.1814200000000001,1.18146
EUR/USD,20170801 11:09:06.761,1.1816200000000001,1.18165
EUR/USD,20170801 11:14:07.415,1.18165,1.18167
EUR/USD,20170801 11:19:08.909,1.18177,1.18179
EUR/USD,20170801 11:24:08.918,1.18153,1.18156
EUR/USD,20170801 11:29:15.897,1.18181,1.18183
EUR/USD,20170801 11:34:16.086,1.18179,1.18182
EUR/USD,20170801 11:39:16.314,1.182,1.18202
EUR/USD,20170801 11:44:18.403,1.18212,1.18215
EUR/USD,20170801 11:49:21.375,1.18197,1.182
EUR/USD,20170801 11:54:22.556,1.18129,1.18131
EUR/USD,20170801 11:59:25.049,1.1810200000000002,1.18103
EUR/USD,20170801 12:04:26.131,1.18135,1.18139
EUR/USD,20170801 12:09:26.282,1.18097,1.181
EUR/USD,20170801 12:14:27.333,1.18133,1.18136
EUR/USD,20170801 12:19:27.371,1.18087,1.18089
EUR/USD,20170801 12:24:28.252,1.1813,1.1813200000000001
EUR/USD,20170801 12:29:28.344,1.1818,1.18183
EUR/USD,20170801 12:34:31.414,1.18139,1.1814200000000001
EUR/USD,20170801 12:39:31.567,1.18125,1.18127
EUR/USD,20170801 12:44:33.225,1.18107,1.18107
EUR/USD,20170801 12:49:36.492,1.18097,1.181
EUR/USD,20170801 12:54:37.098,1.1813200000000001,1.1813200000000001
EUR/USD,20170801 12:59:37.268,1.1817,1.18173
EUR/USD,20170801 13:04:37.557,1.18165,1.18167
EUR/USD,20170801 13:09:37.872,1.18119,1.18121
EUR/USD,20170801 13:14:38.763,1.18134,1.18134
EUR/USD,20170801 13:19:39.078,1.1810399999999999,1.18106
EUR/USD,20170801 13:24:39.509,1.18124,1.18126
EUR/USD,20170801 13:29:40.343,1.18082,1.18084
EUR/USD,20170801 13:34:40.358,1.1816799999999998,1.18169
EUR/USD,20170801 13:39:41.193,1.18154,1.18157
EUR/USD,20170801 13:44:43.504,1.18149,1.1815200000000001
EUR/USD,20170801 13:49:44.399,1.1813799999999999,1.18141
EUR/USD,20170801 13:54:44.507,1.18194,1.1819600000000001
EUR/USD,20170801 13:59:44.780,1.18223,1.18226
EUR/USD,20170801 14:04:44.844,1.1837,1.18373
EUR/USD,20170801 14:09:44.850,1.18307,1.18309
EUR/USD,20170801 14:14:45.426,1.18289,1.1829100000000001
EUR/USD,20170801 14:19:45.615,1.1829100000000001,1.18293
EUR/USD,20170801 14:24:45.791,1.1832200000000002,1.18325
EUR/USD,20170801 14:29:45.809,1.18277,1.18279
EUR/USD,20170801 14:34:45.833,1.1824,1.1824299999999999
EUR/USD,20170801 14:39:46.217,1.18194,1.18195
EUR/USD,20170801 14:44:46.265,1.18049,1.18052
EUR/USD,20170801 14:49:46.298,1.1794,1.17943
EUR/USD,20170801 14:54:50.498,1.18005,1.18008
EUR/USD,20170801 14:59:50.587,1.18092,1.18095
EUR/USD,20170801 15:04:53.326,1.1808299999999998,1.18085
EUR/USD,20170801 15:09:54.569,1.18059,1.18062
EUR/USD,20170801 15:14:57.516,1.18026,1.18028
EUR/USD,20170801 15:20:00.273,1.17983,1.17985
EUR/USD,20170801 15:25:01.324,1.1803700000000001,1.18039
EUR/USD,20170801 15:30:01.353,1.17998,1.18
EUR/USD,20170801 15:35:02.506,1.17997,1.18
EUR/USD,20170801 15:40:03.038,1.1794,1.1794200000000001
EUR/USD,20170801 15:45:03.056,1.1794200000000001,1.17946
EUR/USD,20170801 15:50:03.085,1.1795200000000001,1.17956
EUR/USD,20170801 15:55:03.450,1.17993,1.17993
EUR/USD,20170801 16:00:03.740,1.17985,1.1798799999999998
EUR/USD,20170801 16:05:14.225,1.1798899999999999,1.1799
EUR/USD,20170801 16:10:14.345,1.17993,1.17995
EUR/USD,20170801 16:15:15.092,1.18044,1.1804700000000001
EUR/USD,20170801 16:20:16.442,1.18013,1.18016
EUR/USD,20170801 16:25:17.114,1.1803,1.18032
EUR/USD,20170801 16:30:17.898,1.18004,1.18008
EUR/USD,20170801 16:35:20.430,1.17987,1.17991
EUR/USD,20170801 16:40:23.025,1.1799899999999999,1.18003
EUR/USD,20170801 16:45:29.533,1.18021,1.18022
EUR/USD,20170801 16:50:30.455,1.1799899999999999,1.18003
EUR/USD,20170801 16:55:32.256,1.18029,1.1803299999999999
EUR/USD,20170801 17:00:34.302,1.18051,1.1805299999999999
EUR/USD,20170801 17:05:36.111,1.18061,1.18064
EUR/USD,20170801 17:10:37.342,1.1809100000000001,1.1809399999999999
EUR/USD,20170801 17:15:37.527,1.18232,1.18235
EUR/USD,20170801 17:20:38.102,1.1824299999999999,1.18246
EUR/USD,20170801 17:25:44.391,1.1820899999999999,1.18213
EUR/USD,20170801 17:30:44.395,1.18244,1.1824700000000001
EUR/USD,20170801 17:35:45.098,1.18219,1.18219
EUR/USD,20170801 17:40:45.361,1.1824,1.1824299999999999
EUR/USD,20170801 17:45:46.560,1.18187,1.1819
EUR/USD,20170801 17:50:46.845,1.18192,1.18194
EUR/USD,20170801 17:55:50.982,1.18184,1.18187
EUR/USD,20170801 18:00:50.996,1.18184,1.18187
EUR/USD,20170801 18:05:52.766,1.1818799999999998,1.18191
EUR/USD,20170801 18:10:52.769,1.18172,1.18174
EUR/USD,20170801 18:15:53.664,1.18169,1.18172
EUR/USD,20170801 18:20:57.754,1.18144,1.18147
EUR/USD,20170801 18:26:04.709,1.1811200000000002,1.18117
EUR/USD,20170801 18:31:05.100,1.1805299999999999,1.18056
EUR/USD,20170801 18:36:06.833,1.18042,1.18046
EUR/USD,20170801 18:41:07.602,1.18026,1.18028
EUR/USD,20170801 18:46:07.638,1.18044,1.18046
EUR/USD,20170801 18:51:07.689,1.18082,1.18084
EUR/USD,20170801 18:56:08.001,1.18048,1.18049
EUR/USD,20170801 19:01:08.064,1.18022,1.18026
EUR/USD,20170801 19:06:09.219,1.18008,1.18008
EUR/USD,20170801 19:11:09.268,1.1799600000000001,1.17998
EUR/USD,20170801 19:16:12.032,1.18004,1.18008
EUR/USD,20170801 19:21:12.170,1.18022,1.18026
EUR/USD,20170801 19:26:13.884,1.18019,1.18023
EUR/USD,20170801 19:31:16.221,1.18011,1.18016
EUR/USD,20170801 19:36:17.703,1.18004,1.1800700000000002
EUR/USD,20170801 19:41:21.059,1.18014,1.18018
EUR/USD,20170801 19:46:24.227,1.18005,1.18008
EUR/USD,20170801 19:51:24.846,1.18002,1.1800700000000002
EUR/USD,20170801 19:56:29.263,1.18011,1.18015
EUR/USD,20170801 20:01:31.254,1.18003,1.1800700000000002
EUR/USD,20170801 20:06:31.382,1.18014,1.18016
EUR/USD,20170801 20:11:31.870,1.18019,1.18025
EUR/USD,20170801 20:16:32.450,1.1800700000000002,1.18014
EUR/USD,20170801 20:21:32.751,1.18,1.18003
EUR/USD,20170801 20:26:36.022,1.1801,1.18014
EUR/USD,20170801 20:31:37.835,1.1801700000000002,1.18018
EUR/USD,20170801 20:36:40.310,1.18022,1.18022
EUR/USD,20170801 20:41:45.207,1.18022,1.1802700000000002
EUR/USD,20170801 20:46:47.828,1.18004,1.18008
EUR/USD,20170801 20:51:56.858,1.18004,1.18011
EUR/USD,20170801 20:56:57.377,1.18018,1.18023
EUR/USD,20170801 21:02:04.379,1.18005,1.18025
EUR/USD,20170801 21:07:04.655,1.1800899999999999,1.18018
EUR/USD,20170801 21:12:04.782,1.1801,1.18018
EUR/USD,20170801 21:17:04.846,1.18014,1.18022
EUR/USD,20170801 21:22:06.183,1.18029,1.1803700000000001
EUR/USD,20170801 21:27:06.351,1.18024,1.18052
EUR/USD,20170801 21:32:06.394,1.18004,1.1805
EUR/USD,20170801 21:37:07.098,1.18035,1.18055
EUR/USD,20170801 21:42:15.094,1.1805,1.18059
EUR/USD,20170801 21:47:16.390,1.18052,1.1805700000000001
EUR/USD,20170801 21:52:18.133,1.1805,1.18059
EUR/USD,20170801 21:57:20.661,1.1804700000000001,1.18055
EUR/USD,20170801 22:02:24.401,1.18052,1.1805700000000001
EUR/USD,20170801 22:07:35.821,1.18062,1.18068
EUR/USD,20170801 22:12:39.694,1.1806299999999998,1.18067
EUR/USD,20170801 22:17:40.105,1.18085,1.1809
EUR/USD,20170801 22:22:40.228,1.18096,1.18103
EUR/USD,20170801 22:27:41.543,1.18108,1.1811399999999999
EUR/USD,20170801 22:32:43.161,1.18106,1.18109
EUR/USD,20170801 22:37:43.933,1.18096,1.18103
EUR/USD,20170801 22:42:46.938,1.18088,1.18097
EUR/USD,20170801 22:47:48.379,1.18064,1.18069
EUR/USD,20170801 22:52:49.618,1.18072,1.18072
EUR/USD,20170801 22:58:00.499,1.18049,1.18052
EUR/USD,20170801 23:03:01.377,1.18065,1.18068
EUR/USD,20170801 23:08:08.344,1.18088,1.1809399999999999
EUR/USD,20170801 23:13:11.891,1.1808299999999998,1.18087
EUR/USD,20170801 23:18:12.568,1.18085,1.18089
EUR/USD,20170801 23:23:12.654,1.1807299999999998,1.18079
EUR/USD,20170801 23:28:13.382,1.18085,1.1809
EUR/USD,20170801 23:33:20.886,1.18064,1.18068
EUR/USD,20170801 23:38:21.082,1.1803,1.18034
EUR/USD,20170801 23:43:26.677,1.18028,1.1803299999999999
EUR/USD,20170801 23:48:30.539,1.18059,1.1806299999999998
EUR/USD,20170801 23:53:33.269,1.18065,1.1807
EUR/USD,20170801 23:58:33.833,1.18109,1.18111
EUR/USD,20170802 00:03:34.084,1.18099,1.1810100000000001
EUR/USD,20170802 00:08:35.522,1.18097,1.18099
EUR/USD,20170802 00:13:37.061,1.18087,1.1809100000000001
EUR/USD,20170802 00:18:47.012,1.18084,1.18089
EUR/USD,20170802 00:23:51.961,1.18099,1.18103
EUR/USD,20170802 00:28:59.858,1.18088,1.18093
EUR/USD,20170802 00:33:59.921,1.18129,1.18131
EUR/USD,20170802 00:39:05.977,1.18135,1.1813799999999999
EUR/USD,20170802 00:44:07.554,1.18136,1.1813799999999999
EUR/USD,20170802 00:49:08.259,1.18143,1.18144
EUR/USD,20170802 00:54:08.587,1.18143,1.18149
EUR/USD,20170802 00:59:08.626,1.18134,1.18136
EUR/USD,20170802 01:04:08.674,1.18134,1.18139
EUR/USD,20170802 01:09:18.356,1.18136,1.1814
EUR/USD,20170802 01:14:18.390,1.18108,1.18111
EUR/USD,20170802 01:19:19.046,1.18105,1.18108
EUR/USD,20170802 01:24:19.610,1.18096,1.18098
EUR/USD,20170802 01:29:21.461,1.18048,1.18052
EUR/USD,20170802 01:34:23.060,1.18089,1.18092
EUR/USD,20170802 01:39:24.423,1.18056,1.1805700000000001
EUR/USD,20170802 01:44:29.589,1.18039,1.18042
EUR/USD,20170802 01:49:29.826,1.17963,1.17966
EUR/USD,20170802 01:54:31.818,1.1798799999999998,1.17991
EUR/USD,20170802 01:59:32.025,1.18006,1.1800700000000002
EUR/USD,20170802 02:04:32.087,1.17992,1.17994
EUR/USD,20170802 02:09:34.985,1.18021,1.18024
EUR/USD,20170802 02:14:40.699,1.18023,1.18028
EUR/USD,20170802 02:19:41.094,1.18001,1.18004
EUR/USD,20170802 02:24:42.943,1.1799,1.17993
EUR/USD,20170802 02:29:42.946,1.1800700000000002,1.18011
EUR/USD,20170802 02:34:44.813,1.17994,1.1799899999999999
EUR/USD,20170802 02:39:44.906,1.18015,1.1801700000000002
EUR/USD,20170802 02:44:44.917,1.17998,1.18003
EUR/USD,20170802 02:49:49.535,1.18014,1.18016
EUR/USD,20170802 02:54:49.571,1.1806,1.18061
EUR/USD,20170802 02:59:52.933,1.18085,1.18087
EUR/USD,20170802 03:04:57.026,1.1804700000000001,1.1805
EUR/USD,20170802 03:10:00.468,1.18052,1.18056
EUR/USD,20170802 03:15:08.518,1.1807,1.18074
EUR/USD,20170802 03:20:14.935,1.18059,1.1806299999999998
EUR/USD,20170802 03:25:15.103,1.18064,1.18065
EUR/USD,20170802 03:30:21.696,1.1805,1.1805299999999999
EUR/USD,20170802 03:35:21.740,1.18074,1.18077
EUR/USD,20170802 03:40:29.701,1.18119,1.18124
EUR/USD,20170802 03:45:31.196,1.18126,1.1813
EUR/USD,20170802 03:50:35.181,1.18124,1.1812799999999999
EUR/USD,20170802 03:55:36.179,1.1810399999999999,1.18108
EUR/USD,20170802 04:00:36.180,1.1816799999999998,1.18171
EUR/USD,20170802 04:05:37.415,1.1818899999999999,1.18192
EUR/USD,20170802 04:10:39.112,1.18268,1.1827
EUR/USD,20170802 04:15:39.610,1.1820700000000002,1.18211
EUR/USD,20170802 04:20:41.001,1.1822700000000002,1.18229
EUR/USD,20170802 04:25:41.036,1.18245,1.18249
EUR/USD,20170802 04:30:41.729,1.18229,1.18232
EUR/USD,20170802 04:35:49.843,1.1820899999999999,1.18215
EUR/USD,20170802 04:40:59.690,1.1821,1.18214
EUR/USD,20170802 04:45:59.819,1.18252,1.18256
EUR/USD,20170802 04:51:02.187,1.18265,1.18269
EUR/USD,20170802 04:56:02.504,1.18244,1.18248
EUR/USD,20170802 05:01:03.054,1.1824700000000001,1.18249
EUR/USD,20170802 05:06:04.607,1.1826299999999998,1.18266
EUR/USD,20170802 05:11:07.637,1.18269,1.18274
EUR/USD,20170802 05:16:08.075,1.1827299999999998,1.18275
EUR/USD,20170802 05:21:10.428,1.18258,1.18262
EUR/USD,20170802 05:26:11.819,1.18258,1.1826
EUR/USD,20170802 05:31:11.833,1.18266,1.18268
EUR/USD,20170802 05:36:22.433,1.1828,1.1828299999999998
EUR/USD,20170802 05:41:24.089,1.18296,1.1830100000000001
EUR/USD,20170802 05:46:24.395,1.18265,1.18268
EUR/USD,20170802 05:51:27.290,1.18224,1.1822700000000002
EUR/USD,20170802 05:56:27.403,1.18225,1.18229
EUR/USD,20170802 06:01:27.836,1.1822700000000002,1.1823
EUR/USD,20170802 06:06:27.887,1.18235,1.18238
EUR/USD,20170802 06:11:29.001,1.18205,1.1820700000000002
EUR/USD,20170802 06:16:29.234,1.18206,1.1821
EUR/USD,20170802 06:21:31.161,1.18216,1.1822
EUR/USD,20170802 06:26:31.567,1.18277,1.1828100000000001
EUR/USD,20170802 06:31:31.630,1.18213,1.18216
EUR/USD,20170802 06:36:33.822,1.18215,1.18218
EUR/USD,20170802 06:41:39.546,1.18241,1.18245
EUR/USD,20170802 06:46:40.324,1.18267,1.18269
EUR/USD,20170802 06:51:41.413,1.18241,1.18245
EUR/USD,20170802 06:56:42.646,1.1831399999999999,1.18315
EUR/USD,20170802 07:01:43.005,1.18341,1.18344
EUR/USD,20170802 07:06:44.634,1.1836,1.18363
EUR/USD,20170802 07:11:45.469,1.18356,1.1835799999999999
EUR/USD,20170802 07:16:45.861,1.18346,1.1834799999999999
EUR/USD,20170802 07:21:46.126,1.18351,1.18353
EUR/USD,20170802 07:26:46.484,1.18317,1.1832
EUR/USD,20170802 07:31:47.374,1.18279,1.1828299999999998
EUR/USD,20170802 07:36:48.029,1.18275,1.18278
EUR/USD,20170802 07:41:48.578,1.1829,1.18293
EUR/USD,20170802 07:46:50.628,1.18335,1.1833799999999999
EUR/USD,20170802 07:51:50.774,1.1832799999999999,1.1833
EUR/USD,20170802 07:56:52.516,1.18316,1.18319
EUR/USD,20170802 08:01:54.705,1.18329,1.1833200000000001
EUR/USD,20170802 08:06:54.945,1.1832,1.18323
EUR/USD,20170802 08:11:54.981,1.18324,1.18326
EUR/USD,20170802 08:17:03.901,1.18329,1.18333
EUR/USD,20170802 08:22:03.935,1.1836200000000001,1.18363
EUR/USD,20170802 08:27:04.212,1.1840000000000002,1.18401
EUR/USD,20170802 08:32:04.593,1.18584,1.18585
EUR/USD,20170802 08:37:05.018,1.1863299999999999,1.18635
EUR/USD,20170802 08:42:08.278,1.18614,1.18616
EUR/USD,20170802 08:47:08.427,1.18553,1.18555
EUR/USD,20170802 08:52:08.777,1.18554,1.18557
EUR/USD,20170802 08:57:10.111,1.18544,1.18546
EUR/USD,20170802 09:02:12.184,1.18572,1.18575
EUR/USD,20170802 09:07:12.276,1.18503,1.18503
EUR/USD,20170802 09:12:13.176,1.18438,1.18441
EUR/USD,20170802 09:17:13.225,1.18459,1.18462
EUR/USD,20170802 09:22:13.523,1.18449,1.18451
EUR/USD,20170802 09:27:15.606,1.18454,1.1845700000000001
EUR/USD,20170802 09:32:15.644,1.1842700000000002,1.18429
EUR/USD,20170802 09:37:17.452,1.18462,1.18464
EUR/USD,20170802 09:42:18.299,1.18472,1.1847299999999998
EUR/USD,20170802 09:47:18.424,1.18462,1.1846299999999998
EUR/USD,20170802 09:52:18.461,1.1841,1.18414
EUR/USD,20170802 09:57:20.504,1.18424,1.18426
EUR/USD,20170802 10:02:21.877,1.18324,1.18327
EUR/USD,20170802 10:07:24.303,1.1835799999999999,1.18359
EUR/USD,20170802 10:12:27.781,1.18356,1.1835799999999999
EUR/USD,20170802 10:17:30.985,1.1833799999999999,1.18341
EUR/USD,20170802 10:22:31.885,1.18317,1.18318
EUR/USD,20170802 10:27:33.104,1.18329,1.18331
EUR/USD,20170802 10:32:33.934,1.1835,1.18354
EUR/USD,20170802 10:37:34.104,1.18375,1.18377
EUR/USD,20170802 10:42:35.170,1.18364,1.18367
EUR/USD,20170802 10:47:38.436,1.1834799999999999,1.1835
EUR/USD,20170802 10:52:40.183,1.1834,1.18343
EUR/USD,20170802 10:57:40.235,1.18343,1.18345
EUR/USD,20170802 11:02:41.271,1.18373,1.18375
EUR/USD,20170802 11:07:41.383,1.18318,1.18318
EUR/USD,20170802 11:12:43.510,1.1826299999999998,1.18264
EUR/USD,20170802 11:17:50.207,1.18317,1.18319
EUR/USD,20170802 11:22:51.236,1.18318,1.18323
EUR/USD,20170802 11:27:51.354,1.1830200000000002,1.18306
EUR/USD,20170802 11:32:53.165,1.1830399999999999,1.18307
EUR/USD,20170802 11:37:56.268,1.18277,1.1828
EUR/USD,20170802 11:42:57.695,1.18229,1.18232
EUR/USD,20170802 11:48:01.370,1.18225,1.1822700000000002
EUR/USD,20170802 11:53:02.633,1.18242,1.18244
EUR/USD,20170802 11:58:05.619,1.18244,1.18246
EUR/USD,20170802 12:03:09.153,1.18269,1.1827
EUR/USD,20170802 12:08:14.827,1.18289,1.1829100000000001
EUR/USD,20170802 12:13:15.716,1.18287,1.18287
EUR/USD,20170802 12:18:15.786,1.18269,1.18272
EUR/USD,20170802 12:23:16.792,1.1831,1.1831200000000002
EUR/USD,20170802 12:28:17.539,1.18293,1.18296
EUR/USD,20170802 12:33:17.596,1.1834799999999999,1.18351
EUR/USD,20170802 12:38:18.058,1.18326,1.1832799999999999
EUR/USD,20170802 12:43:18.733,1.18329,1.1833
EUR/USD,20170802 12:48:19.057,1.18275,1.18278
EUR/USD,20170802 12:53:19.189,1.18266,1.1827
EUR/USD,20170802 12:58:19.363,1.18242,1.18244
EUR/USD,20170802 13:03:19.399,1.1827299999999998,1.18275
EUR/USD,20170802 13:08:19.857,1.18275,1.18276
EUR/USD,20170802 13:13:19.864,1.1829,1.1829399999999999
EUR/USD,20170802 13:18:22.982,1.18269,1.18272
EUR/USD,20170802 13:23:24.682,1.1828100000000001,1.18285
EUR/USD,20170802 13:28:26.652,1.18275,1.18277
EUR/USD,20170802 13:33:27.081,1.18258,1.18261
EUR/USD,20170802 13:38:28.815,1.18288,1.1829100000000001
EUR/USD,20170802 13:43:29.376,1.18324,1.18326
EUR/USD,20170802 13:48:30.384,1.18289,1.18292
EUR/USD,20170802 13:53:32.228,1.18282,1.18285
EUR/USD,20170802 13:58:33.343,1.18307,1.1831
EUR/USD,20170802 14:03:33.595,1.18356,1.18359
EUR/USD,20170802 14:08:33.999,1.1834200000000001,1.18344
EUR/USD,20170802 14:13:33.999,1.18431,1.18435
EUR/USD,20170802 14:18:34.147,1.18466,1.18468
EUR/USD,20170802 14:23:34.220,1.18507,1.18509
EUR/USD,20170802 14:28:39.281,1.18464,1.18466
EUR/USD,20170802 14:33:39.291,1.18519,1.1852200000000002
EUR/USD,20170802 14:38:39.667,1.18482,1.18482
EUR/USD,20170802 14:43:43.507,1.18518,1.1852200000000002
EUR/USD,20170802 14:48:43.943,1.18498,1.185
EUR/USD,20170802 14:53:43.987,1.18506,1.18509
EUR/USD,20170802 14:58:44.313,1.18543,1.18545
EUR/USD,20170802 15:03:45.190,1.18574,1.1857799999999998
EUR/USD,20170802 15:08:45.201,1.18639,1.1864299999999999
EUR/USD,20170802 15:13:45.601,1.18632,1.1863700000000001
EUR/USD,20170802 15:18:46.272,1.18603,1.1860700000000002
EUR/USD,20170802 15:23:47.666,1.18622,1.18624
EUR/USD,20170802 15:28:47.685,1.18669,1.1867299999999998
EUR/USD,20170802 15:33:48.830,1.1862,1.18622
EUR/USD,20170802 15:38:52.641,1.1861,1.18612
EUR/USD,20170802 15:43:54.134,1.18582,1.18583
EUR/USD,20170802 15:48:56.992,1.1857799999999998,1.18582
EUR/USD,20170802 15:53:57.015,1.18554,1.18556
EUR/USD,20170802 15:58:57.983,1.1861,1.18611
EUR/USD,20170802 16:04:00.284,1.18614,1.18616
EUR/USD,20170802 16:09:01.480,1.1866700000000001,1.1867
EUR/USD,20170802 16:14:07.649,1.18661,1.1866299999999999
EUR/USD,20170802 16:19:08.215,1.18651,1.1865299999999999
EUR/USD,20170802 16:24:09.154,1.18652,1.18654
EUR/USD,20170802 16:29:10.257,1.18632,1.1863700000000001
EUR/USD,20170802 16:34:13.355,1.18648,1.18649
EUR/USD,20170802 16:39:15.127,1.18661,1.1866299999999999
EUR/USD,20170802 16:44:15.394,1.1867,1.18671
EUR/USD,20170802 16:49:15.577,1.1867299999999998,1.18674
EUR/USD,20170802 16:54:20.923,1.18678,1.1868
EUR/USD,20170802 16:59:21.287,1.1867299999999998,1.18676
EUR/USD,20170802 17:04:21.620,1.18779,1.18783
EUR/USD,20170802 17:09:22.013,1.18816,1.1881899999999999
EUR/USD,20170802 17:14:22.049,1.18964,1.18966
EUR/USD,20170802 17:19:23.070,1.18973,1.18976
EUR/USD,20170802 17:24:23.940,1.18944,1.18945
EUR/USD,20170802 17:29:25.001,1.18944,1.18947
EUR/USD,20170802 17:34:25.808,1.18855,1.18856
EUR/USD,20170802 17:39:26.014,1.18848,1.18849
EUR/USD,20170802 17:44:28.047,1.18848,1.1885
EUR/USD,20170802 17:49:28.072,1.1881899999999999,1.18821
EUR/USD,20170802 17:54:29.018,1.18797,1.18798
EUR/USD,20170802 17:59:30.899,1.18823,1.1882700000000002
EUR/USD,20170802 18:04:36.868,1.1879899999999999,1.18801
EUR/USD,20170802 18:09:37.149,1.18761,1.18763
EUR/USD,20170802 18:14:37.386,1.18733,1.18736
EUR/USD,20170802 18:19:37.940,1.1874,1.18743
EUR/USD,20170802 18:24:39.564,1.1875,1.18753
EUR/USD,20170802 18:29:39.725,1.1871200000000002,1.1871399999999999
EUR/USD,20170802 18:34:40.728,1.18665,1.18668
EUR/USD,20170802 18:39:40.978,1.18626,1.18628
EUR/USD,20170802 18:44:41.372,1.18618,1.18623
EUR/USD,20170802 18:49:44.887,1.18572,1.18577
EUR/USD,20170802 18:54:45.259,1.1858899999999999,1.18592
EUR/USD,20170802 18:59:45.292,1.18612,1.18616
EUR/USD,20170802 19:04:50.038,1.18598,1.18602
EUR/USD,20170802 19:09:50.246,1.18593,1.18597
EUR/USD,20170802 19:14:53.961,1.18553,1.18556
EUR/USD,20170802 19:19:53.963,1.1855200000000001,1.18556
EUR/USD,20170802 19:25:01.057,1.1855799999999999,1.18564
EUR/USD,20170802 19:30:02.303,1.1854,1.18541
EUR/USD,20170802 19:35:03.992,1.18518,1.1852200000000002
EUR/USD,20170802 19:40:05.370,1.18554,1.18556
EUR/USD,20170802 19:45:10.795,1.18559,1.18563
EUR/USD,20170802 19:50:10.888,1.1852,1.18523
EUR/USD,20170802 19:55:14.992,1.18499,1.1850399999999999
EUR/USD,20170802 20:00:15.450,1.18544,1.18546
EUR/USD,20170802 20:05:15.956,1.18543,1.18546
EUR/USD,20170802 20:10:16.399,1.18533,1.18534
EUR/USD,20170802 20:15:18.761,1.18553,1.18554
EUR/USD,20170802 20:20:22.194,1.18564,1.1856799999999998
EUR/USD,20170802 20:25:23.359,1.18559,1.1856200000000001
EUR/USD,20170802 20:30:23.771,1.18557,1.1856200000000001
EUR/USD,20170802 20:35:24.980,1.1856,1.18564
EUR/USD,20170802 20:40:26.662,1.1854799999999999,1.1855200000000001
EUR/USD,20170802 20:45:27.726,1.1856,1.18564
EUR/USD,20170802 20:50:28.962,1.18545,1.18549
EUR/USD,20170802 20:55:29.073,1.18554,1.1856
EUR/USD,20170802 21:01:09.845,1.1855,1.1856
EUR/USD,20170802 21:06:09.911,1.18555,1.18564
EUR/USD,20170802 21:11:10.235,1.1857600000000001,1.18585
EUR/USD,20170802 21:16:13.430,1.18543,1.1856
EUR/USD,20170802 21:21:16.038,1.18557,1.18569
EUR/USD,20170802 21:26:17.306,1.18559,1.1856799999999998
EUR/USD,20170802 21:31:19.052,1.18557,1.18563
EUR/USD,20170802 21:36:22.542,1.1856,1.18569
EUR/USD,20170802 21:41:28.147,1.18574,1.1857799999999998
EUR/USD,20170802 21:46:29.540,1.18553,1.18555
EUR/USD,20170802 21:51:30.071,1.18554,1.18566
EUR/USD,20170802 21:56:30.716,1.1856200000000001,1.18572
EUR/USD,20170802 22:01:31.920,1.18546,1.18551
EUR/USD,20170802 22:06:32.922,1.18527,1.18535
EUR/USD,20170802 22:11:35.068,1.1851,1.18517
EUR/USD,20170802 22:16:37.910,1.1854,1.1854799999999999
EUR/USD,20170802 22:21:38.366,1.18508,1.18513
EUR/USD,20170802 22:26:38.400,1.18559,1.18561
EUR/USD,20170802 22:31:39.049,1.18539,1.18545
EUR/USD,20170802 22:36:39.163,1.1852200000000002,1.18528
EUR/USD,20170802 22:41:43.810,1.18534,1.18539
EUR/USD,20170802 22:46:43.864,1.18517,1.18524
EUR/USD,20170802 22:51:47.566,1.18535,1.18541
EUR/USD,20170802 22:56:58.918,1.1851200000000002,1.1852200000000002
EUR/USD,20170802 23:01:59.226,1.18525,1.18527
EUR/USD,20170802 23:06:59.559,1.18496,1.1850100000000001
EUR/USD,20170802 23:12:02.390,1.18515,1.1852
EUR/USD,20170802 23:17:03.061,1.18459,1.1846299999999998
EUR/USD,20170802 23:22:13.085,1.1848100000000001,1.18488
EUR/USD,20170802 23:27:15.412,1.1849,1.18495
EUR/USD,20170802 23:32:15.527,1.18492,1.18495
EUR/USD,20170802 23:37:19.773,1.1850100000000001,1.18505
EUR/USD,20170802 23:42:20.476,1.18487,1.1849
EUR/USD,20170802 23:47:25.150,1.18492,1.18498
EUR/USD,20170802 23:52:25.787,1.18508,1.1851
EUR/USD,20170802 23:57:28.839,1.1850100000000001,1.18506
EUR/USD,20170803 00:02:34.520,1.18495,1.18496
EUR/USD,20170803 00:07:35.514,1.18488,1.1849
EUR/USD,20170803 00:12:36.090,1.1850399999999999,1.18507
EUR/USD,20170803 00:17:37.292,1.1848,1.1848100000000001
EUR/USD,20170803 00:22:37.466,1.18482,1.18486
EUR/USD,20170803 00:27:45.329,1.18455,1.18459
EUR/USD,20170803 00:32:47.769,1.18468,1.18472
EUR/USD,20170803 00:37:47.882,1.1845700000000001,1.18459
EUR/USD,20170803 00:42:49.648,1.18442,1.18445
EUR/USD,20170803 00:47:50.258,1.18421,1.18423
EUR/USD,20170803 00:52:50.882,1.18423,1.18425
EUR/USD,20170803 00:57:51.089,1.18383,1.18387
EUR/USD,20170803 01:02:51.885,1.1840899999999999,1.1841
EUR/USD,20170803 01:07:53.452,1.1843299999999999,1.18436
EUR/USD,20170803 01:12:53.910,1.18442,1.18446
EUR/USD,20170803 01:17:58.176,1.18452,1.1845700000000001
EUR/USD,20170803 01:22:58.641,1.1846,1.18466
EUR/USD,20170803 01:28:01.123,1.1846299999999998,1.18464
EUR/USD,20170803 01:33:01.484,1.1844700000000001,1.18449
EUR/USD,20170803 01:38:02.061,1.18397,1.1840000000000002
EUR/USD,20170803 01:43:02.156,1.18365,1.18369
EUR/USD,20170803 01:48:03.944,1.18374,1.18377
EUR/USD,20170803 01:53:05.241,1.1836799999999998,1.1837
EUR/USD,20170803 01:58:07.644,1.1836200000000001,1.18364
EUR/USD,20170803 02:03:07.788,1.18351,1.18353
EUR/USD,20170803 02:08:09.096,1.18343,1.18347
EUR/USD,20170803 02:13:13.386,1.18356,1.18357
EUR/USD,20170803 02:18:14.138,1.1838899999999999,1.18391
EUR/USD,20170803 02:23:14.533,1.18412,1.18415
EUR/USD,20170803 02:28:15.190,1.18408,1.18412
EUR/USD,20170803 02:33:15.650,1.18408,1.18412
EUR/USD,20170803 02:38:17.351,1.18398,1.18401
EUR/USD,20170803 02:43:19.040,1.18423,1.18425
EUR/USD,20170803 02:48:19.257,1.18408,1.18412
EUR/USD,20170803 02:53:20.968,1.18424,1.18428
EUR/USD,20170803 02:58:23.567,1.1841700000000002,1.18421
EUR/USD,20170803 03:03:25.606,1.1844700000000001,1.1845
EUR/USD,20170803 03:08:27.565,1.1845700000000001,1.18461
EUR/USD,20170803 03:13:27.887,1.18448,1.1845299999999999
EUR/USD,20170803 03:18:32.969,1.1846,1.18464
EUR/USD,20170803 03:23:33.917,1.1844299999999999,1.18446
EUR/USD,20170803 03:28:36.813,1.18449,1.18452
EUR/USD,20170803 03:33:38.374,1.18466,1.18469
EUR/USD,20170803 03:38:39.885,1.18455,1.18459
EUR/USD,20170803 03:43:48.372,1.18479,1.18484
EUR/USD,20170803 03:48:49.707,1.18478,1.18482
EUR/USD,20170803 03:53:51.595,1.1844700000000001,1.18449
EUR/USD,20170803 03:58:52.668,1.1843,1.1843
EUR/USD,20170803 04:03:53.267,1.18435,1.1843700000000001
EUR/USD,20170803 04:09:02.040,1.18456,1.18458
EUR/USD,20170803 04:14:09.146,1.18448,1.18452
EUR/USD,20170803 04:19:13.578,1.18449,1.1845299999999999
EUR/USD,20170803 04:24:13.648,1.18448,1.1845299999999999
EUR/USD,20170803 04:29:14.146,1.18439,1.18442
EUR/USD,20170803 04:34:17.476,1.18452,1.18456
EUR/USD,20170803 04:39:17.926,1.18468,1.18472
EUR/USD,20170803 04:44:19.307,1.18458,1.1846
EUR/USD,20170803 04:49:26.726,1.18455,1.18458
EUR/USD,20170803 04:54:32.059,1.18452,1.18455
EUR/USD,20170803 04:59:33.713,1.18462,1.1846700000000001
EUR/USD,20170803 05:04:33.851,1.1848,1.1848100000000001
EUR/USD,20170803 05:09:34.178,1.18488,1.18492
EUR/USD,20170803 05:14:35.971,1.18487,1.1849299999999998
EUR/USD,20170803 05:19:36.826,1.18498,1.18503
EUR/USD,20170803 05:24:39.112,1.18498,1.185
EUR/USD,20170803 05:29:41.844,1.18492,1.18496
EUR/USD,20170803 05:34:43.275,1.18508,1.1851
EUR/USD,20170803 05:39:48.055,1.18559,1.1856200000000001
EUR/USD,20170803 05:44:50.375,1.18559,1.18561
EUR/USD,20170803 05:49:51.700,1.18499,1.1850399999999999
EUR/USD,20170803 05:54:53.649,1.18509,1.18511
EUR/USD,20170803 05:59:54.301,1.18439,1.18442
EUR/USD,20170803 06:04:54.478,1.18414,1.1841700000000002
EUR/USD,20170803 06:09:56.008,1.18484,1.18488
EUR/USD,20170803 06:14:56.959,1.18414,1.18416
EUR/USD,20170803 06:19:57.009,1.18413,1.18416
EUR/USD,20170803 06:25:01.334,1.1843700000000001,1.18439
EUR/USD,20170803 06:30:02.283,1.18438,1.18442
EUR/USD,20170803 06:35:05.922,1.18458,1.1846
EUR/USD,20170803 06:40:09.854,1.18428,1.18431
EUR/USD,20170803 06:45:12.297,1.18424,1.1842700000000002
EUR/USD,20170803 06:50:14.948,1.1847,1.1847299999999998
EUR/USD,20170803 06:55:19.320,1.1849100000000001,1.1849299999999998
EUR/USD,20170803 07:00:20.814,1.1852200000000002,1.18523
EUR/USD,20170803 07:05:21.431,1.1854,1.18543
EUR/USD,20170803 07:10:22.448,1.1852200000000002,1.18525
EUR/USD,20170803 07:15:22.616,1.18451,1.18455
EUR/USD,20170803 07:20:23.357,1.1844700000000001,1.18448
EUR/USD,20170803 07:25:24.116,1.18424,1.18428
EUR/USD,20170803 07:30:24.390,1.18426,1.1842700000000002
EUR/USD,20170803 07:35:26.711,1.1843,1.18432
EUR/USD,20170803 07:40:27.932,1.18448,1.18452
EUR/USD,20170803 07:45:28.106,1.18429,1.18432
EUR/USD,20170803 07:50:28.163,1.18428,1.18431
EUR/USD,20170803 07:55:28.323,1.18414,1.18418
EUR/USD,20170803 08:00:29.147,1.18359,1.18359
EUR/USD,20170803 08:05:29.274,1.1840700000000002,1.18411
EUR/USD,20170803 08:10:29.422,1.18308,1.18311
EUR/USD,20170803 08:15:29.957,1.18361,1.18364
EUR/USD,20170803 08:20:31.594,1.18375,1.1837799999999998
EUR/USD,20170803 08:25:32.215,1.1835799999999999,1.18361
EUR/USD,20170803 08:30:37.513,1.18391,1.18393
EUR/USD,20170803 08:35:37.683,1.1838799999999998,1.1839
EUR/USD,20170803 08:40:38.229,1.18373,1.18375
EUR/USD,20170803 08:45:39.702,1.18355,1.18356
EUR/USD,20170803 08:50:39.715,1.1837799999999998,1.1838
EUR/USD,20170803 08:55:39.756,1.18393,1.18395
EUR/USD,20170803 09:00:40.100,1.18442,1.18445
EUR/USD,20170803 09:05:40.611,1.18451,1.1845299999999999
EUR/USD,20170803 09:10:42.887,1.18446,1.18448
EUR/USD,20170803 09:15:44.289,1.18452,1.18454
EUR/USD,20170803 09:20:44.331,1.1845,1.18452
EUR/USD,20170803 09:25:48.443,1.1844,1.18442
EUR/USD,20170803 09:30:53.613,1.1848100000000001,1.18484
EUR/USD,20170803 09:35:55.230,1.18474,1.18476
EUR/USD,20170803 09:40:55.980,1.1848299999999998,1.18486
EUR/USD,20170803 09:45:56.950,1.18487,1.18488
EUR/USD,20170803 09:50:57.373,1.18449,1.18451
EUR/USD,20170803 09:55:58.136,1.1845,1.1845299999999999
EUR/USD,20170803 10:00:59.812,1.18449,1.18451
EUR/USD,20170803 10:06:04.475,1.1844299999999999,1.1844700000000001
EUR/USD,20170803 10:11:05.063,1.18439,1.18441
EUR/USD,20170803 10:16:05.076,1.18451,1.18454
EUR/USD,20170803 10:21:08.567,1.18431,1.18434
EUR/USD,20170803 10:26:09.971,1.18414,1.18418
EUR/USD,20170803 10:31:13.632,1.18413,1.1841700000000002
EUR/USD,20170803 10:36:20.676,1.18402,1.18405
EUR/USD,20170803 10:41:21.332,1.1840000000000002,1.18401
EUR/USD,20170803 10:46:23.913,1.1840899999999999,1.18412
EUR/USD,20170803 10:51:24.646,1.1837600000000001,1.1838
EUR/USD,20170803 10:56:26.631,1.1837,1.18371
EUR/USD,20170803 11:01:26.676,1.18379,1.18382
EUR/USD,20170803 11:06:27.590,1.1842,1.18424
EUR/USD,20170803 11:11:27.844,1.1842700000000002,1.1843
EUR/USD,20170803 11:16:29.816,1.18369,1.18371
EUR/USD,20170803 11:21:31.688,1.18398,1.18401
EUR/USD,20170803 11:26:34.052,1.18394,1.1839600000000001
EUR/USD,20170803 11:31:34.444,1.1847,1.1847299999999998
EUR/USD,20170803 11:36:35.011,1.1846299999999998,1.18466
EUR/USD,20170803 11:41:35.275,1.18452,1.18454
EUR/USD,20170803 11:46:35.313,1.18474,1.18476
EUR/USD,20170803 11:51:35.372,1.18519,1.18521
EUR/USD,20170803 11:56:35.738,1.18537,1.18541
EUR/USD,20170803 12:01:35.778,1.18523,1.18524
EUR/USD,20170803 12:06:38.186,1.18508,1.18511
EUR/USD,20170803 12:11:38.837,1.18489,1.18492
EUR/USD,20170803 12:16:39.154,1.18613,1.18615
EUR/USD,20170803 12:21:39.178,1.18613,1.1861700000000002
EUR/USD,20170803 12:26:39.525,1.1866700000000001,1.18669
EUR/USD,20170803 12:31:39.612,1.18669,1.18672
EUR/USD,20170803 12:36:40.047,1.1864,1.18644
EUR/USD,20170803 12:41:40.387,1.18582,1.18584
EUR/USD,20170803 12:46:40.500,1.18537,1.1854
EUR/USD,20170803 12:51:40.744,1.18582,1.1858600000000001
EUR/USD,20170803 12:56:41.366,1.18603,1.1860700000000002
EUR/USD,20170803 13:01:42.112,1.18498,1.185
EUR/USD,20170803 13:06:42.189,1.1854,1.1854200000000001
EUR/USD,20170803 13:11:43.219,1.1850399999999999,1.18508
EUR/USD,20170803 13:16:47.626,1.18478,1.18482
EUR/USD,20170803 13:21:47.923,1.18509,1.18511
EUR/USD,20170803 13:26:48.507,1.18497,1.18499
EUR/USD,20170803 13:31:49.253,1.18513,1.18515
EUR/USD,20170803 13:36:49.313,1.18452,1.18456
EUR/USD,20170803 13:41:50.062,1.1846299999999998,1.18466
EUR/USD,20170803 13:46:51.621,1.18474,1.18476
EUR/USD,20170803 13:51:53.938,1.18556,1.1855799999999999
EUR/USD,20170803 13:56:54.535,1.18529,1.18531
EUR/USD,20170803 14:01:54.598,1.18508,1.1851200000000002
EUR/USD,20170803 14:06:54.601,1.18697,1.1870100000000001
EUR/USD,20170803 14:11:56.385,1.18669,1.18669
EUR/USD,20170803 14:16:56.449,1.1864,1.1864299999999999
EUR/USD,20170803 14:21:57.461,1.1869399999999999,1.18697
EUR/USD,20170803 14:26:57.841,1.18715,1.18717
EUR/USD,20170803 14:31:57.957,1.1870100000000001,1.1870399999999999
EUR/USD,20170803 14:36:58.814,1.18737,1.1874
EUR/USD,20170803 14:42:11.736,1.18716,1.18719
EUR/USD,20170803 14:47:11.878,1.1874799999999999,1.18751
EUR/USD,20170803 14:52:12.648,1.1884700000000001,1.18848
EUR/USD,20170803 14:57:13.963,1.18855,1.1885700000000001
EUR/USD,20170803 15:02:13.997,1.18787,1.18789
EUR/USD,20170803 15:07:14.272,1.18761,1.18764
EUR/USD,20170803 15:12:15.037,1.1876799999999998,1.18769
EUR/USD,20170803 15:17:17.094,1.1878,1.18781
EUR/USD,20170803 15:22:18.131,1.18772,1.18775
EUR/USD,20170803 15:27:18.209,1.18813,1.18815
EUR/USD,20170803 15:32:18.632,1.18823,1.18826
EUR/USD,20170803 15:37:18.803,1.18802,1.18803
EUR/USD,20170803 15:42:21.803,1.18814,1.18818
EUR/USD,20170803 15:47:21.923,1.1883299999999999,1.1883700000000001
EUR/USD,20170803 15:52:23.696,1.1888299999999998,1.18887
EUR/USD,20170803 15:57:23.998,1.1884700000000001,1.1885
EUR/USD,20170803 16:02:24.121,1.1878799999999998,1.18792
EUR/USD,20170803 16:07:24.302,1.18824,1.18828
EUR/USD,20170803 16:12:26.140,1.1877799999999998,1.18779
EUR/USD,20170803 16:17:26.481,1.18749,1.1875
EUR/USD,20170803 16:22:26.495,1.18746,1.18747
EUR/USD,20170803 16:27:30.852,1.18721,1.18724
EUR/USD,20170803 16:32:31.032,1.1873799999999999,1.1874200000000001
EUR/USD,20170803 16:37:31.433,1.18702,1.1870399999999999
EUR/USD,20170803 16:42:31.960,1.1873,1.1873200000000002
EUR/USD,20170803 16:47:34.975,1.1874799999999999,1.18751
EUR/USD,20170803 16:52:39.391,1.1871399999999999,1.18718
EUR/USD,20170803 16:57:43.451,1.1871,1.1871200000000002
EUR/USD,20170803 17:02:43.537,1.18705,1.18707
EUR/USD,20170803 17:07:45.910,1.18695,1.18695
EUR/USD,20170803 17:12:48.028,1.18648,1.18651
EUR/USD,20170803 17:17:50.381,1.18672,1.1867299999999998
EUR/USD,20170803 17:22:51.251,1.1869,1.1869399999999999
EUR/USD,20170803 17:27:53.916,1.18658,1.18661
EUR/USD,20170803 17:32:55.211,1.18686,1.18689
EUR/USD,20170803 17:37:56.425,1.18639,1.1864299999999999
EUR/USD,20170803 17:42:57.941,1.1863299999999999,1.1863700000000001
EUR/USD,20170803 17:48:02.594,1.18642,1.18645
EUR/USD,20170803 17:53:03.786,1.1867,1.18672
EUR/USD,20170803 17:58:07.273,1.18689,1.1869299999999998
EUR/USD,20170803 18:03:10.282,1.187,1.1870399999999999
EUR/USD,20170803 18:08:10.608,1.18744,1.18747
EUR/USD,20170803 18:13:16.159,1.1875799999999999,1.18761
EUR/USD,20170803 18:18:16.452,1.1876,1.18763
EUR/USD,20170803 18:23:23.114,1.18734,1.18739
EUR/USD,20170803 18:28:24.310,1.18688,1.18692
EUR/USD,20170803 18:33:26.280,1.18684,1.18687
EUR/USD,20170803 18:38:29.063,1.18677,1.18679
EUR/USD,20170803 18:43:29.635,1.18672,1.18674
EUR/USD,20170803 18:48:30.046,1.1864299999999999,1.18648
EUR/USD,20170803 18:53:31.315,1.18671,1.18675
EUR/USD,20170803 18:58:33.828,1.18661,1.18665
EUR/USD,20170803 19:03:33.858,1.1863700000000001,1.1864
EUR/USD,20170803 19:08:35.647,1.1863,1.18634
EUR/USD,20170803 19:13:47.495,1.1863,1.18634
EUR/USD,20170803 19:18:49.320,1.18626,1.18629
EUR/USD,20170803 19:23:52.294,1.1865299999999999,1.18658
EUR/USD,20170803 19:28:52.777,1.18645,1.18648
EUR/USD,20170803 19:33:53.035,1.18684,1.18686
EUR/USD,20170803 19:38:53.037,1.18739,1.18741
EUR/USD,20170803 19:43:53.179,1.1884299999999999,1.18848
EUR/USD,20170803 19:48:58.002,1.18856,1.1886
EUR/USD,20170803 19:54:00.959,1.18789,1.18792
EUR/USD,20170803 19:59:01.258,1.18734,1.1873799999999999
EUR/USD,20170803 20:04:06.418,1.1879899999999999,1.18805
EUR/USD,20170803 20:09:07.474,1.18743,1.18747
EUR/USD,20170803 20:14:10.576,1.18766,1.1876799999999998
EUR/USD,20170803 20:19:15.167,1.1873799999999999,1.18739
EUR/USD,20170803 20:24:15.519,1.1874799999999999,1.18751
EUR/USD,20170803 20:29:21.849,1.18741,1.18746
EUR/USD,20170803 20:34:27.511,1.18741,1.1874200000000001
EUR/USD,20170803 20:39:28.840,1.1873799999999999,1.18744
EUR/USD,20170803 20:44:29.308,1.18709,1.18713
EUR/USD,20170803 20:49:29.435,1.18707,1.1871200000000002
EUR/USD,20170803 20:54:31.316,1.18699,1.1870399999999999
EUR/USD,20170803 20:59:39.362,1.1868299999999998,1.1869
EUR/USD,20170803 21:04:40.668,1.18707,1.18715
EUR/USD,20170803 21:09:41.619,1.18685,1.18705
EUR/USD,20170803 21:14:41.810,1.18689,1.18707
EUR/USD,20170803 21:19:41.819,1.18705,1.1872
EUR/USD,20170803 21:24:42.550,1.18707,1.1872
EUR/USD,20170803 21:29:48.270,1.18711,1.18724
EUR/USD,20170803 21:34:49.494,1.1871,1.18719
EUR/USD,20170803 21:39:51.054,1.1870100000000001,1.18713
EUR/USD,20170803 21:44:51.302,1.18713,1.18723
EUR/USD,20170803 21:49:52.451,1.1872,1.18728
EUR/USD,20170803 21:54:53.928,1.1871,1.1872
EUR/USD,20170803 21:59:56.246,1.18699,1.18715
EUR/USD,20170803 22:04:57.645,1.1872200000000002,1.18729
EUR/USD,20170803 22:09:58.397,1.18737,1.18743
EUR/USD,20170803 22:14:59.204,1.18737,1.18743
EUR/USD,20170803 22:19:59.278,1.18741,1.18746
EUR/USD,20170803 22:25:00.304,1.1873200000000002,1.1874200000000001
EUR/USD,20170803 22:30:01.638,1.18726,1.18733
EUR/USD,20170803 22:35:01.818,1.18744,1.18749
EUR/USD,20170803 22:40:02.012,1.18763,1.18769
EUR/USD,20170803 22:45:06.315,1.18767,1.1877
EUR/USD,20170803 22:50:09.079,1.18759,1.18765
EUR/USD,20170803 22:55:10.189,1.18794,1.188
EUR/USD,20170803 23:00:14.898,1.18775,1.18781
EUR/USD,20170803 23:05:18.211,1.18779,1.18784
EUR/USD,20170803 23:10:19.735,1.18784,1.18791
EUR/USD,20170803 23:15:22.971,1.18777,1.18781
EUR/USD,20170803 23:20:30.742,1.1877799999999998,1.18785
EUR/USD,20170803 23:25:31.758,1.1880600000000001,1.18811
EUR/USD,20170803 23:30:33.324,1.18811,1.18815
EUR/USD,20170803 23:35:34.169,1.18813,1.1881899999999999
EUR/USD,20170803 23:40:41.244,1.1881,1.18813
EUR/USD,20170803 23:45:41.520,1.1883299999999999,1.18836
EUR/USD,20170803 23:50:41.581,1.18829,1.18831
EUR/USD,20170803 23:55:41.851,1.18834,1.1883700000000001
EUR/USD,20170804 00:00:41.857,1.18828,1.1883299999999999
EUR/USD,20170804 00:05:44.882,1.18835,1.18839
EUR/USD,20170804 00:10:48.107,1.1884299999999999,1.18848
EUR/USD,20170804 00:15:48.537,1.18845,1.1884700000000001
EUR/USD,20170804 00:20:55.017,1.1883299999999999,1.18838
EUR/USD,20170804 00:25:55.402,1.18828,1.18831
EUR/USD,20170804 00:30:55.440,1.1883,1.1883299999999999
EUR/USD,20170804 00:35:57.311,1.18808,1.18811
EUR/USD,20170804 00:40:57.347,1.18811,1.18814
EUR/USD,20170804 00:46:02.097,1.18813,1.1881700000000002
EUR/USD,20170804 00:51:03.312,1.18783,1.18787
EUR/USD,20170804 00:56:03.591,1.18777,1.18781
EUR/USD,20170804 01:01:05.834,1.1878,1.18782
EUR/USD,20170804 01:06:06.889,1.18782,1.18783
EUR/USD,20170804 01:11:08.570,1.18781,1.18785
EUR/USD,20170804 01:16:09.881,1.18783,1.1878600000000001
EUR/USD,20170804 01:21:13.625,1.18767,1.1876799999999998
EUR/USD,20170804 01:26:14.632,1.18744,1.18747
EUR/USD,20170804 01:31:14.992,1.1875200000000001,1.18755
EUR/USD,20170804 01:36:15.460,1.18756,1.1875799999999999
EUR/USD,20170804 01:41:15.750,1.1872200000000002,1.18726
EUR/USD,20170804 01:46:18.062,1.18741,1.18745
EUR/USD,20170804 01:51:18.753,1.18734,1.18737
EUR/USD,20170804 01:56:19.401,1.18771,1.18773
EUR/USD,20170804 02:01:20.323,1.18792,1.18794
EUR/USD,20170804 02:06:20.863,1.18771,1.18775
EUR/USD,20170804 02:11:22.288,1.18789,1.1879600000000001
EUR/USD,20170804 02:16:26.527,1.18794,1.18797
EUR/USD,20170804 02:21:28.233,1.18781,1.18785
EUR/USD,20170804 02:26:29.907,1.18744,1.18747
EUR/USD,20170804 02:31:31.164,1.18756,1.1876200000000001
EUR/USD,20170804 02:36:32.852,1.18756,1.1876
EUR/USD,20170804 02:41:34.719,1.18739,1.1874200000000001
EUR/USD,20170804 02:46:39.686,1.1874,1.1874200000000001
EUR/USD,20170804 02:51:40.010,1.18727,1.18731
EUR/USD,20170804 02:56:45.506,1.18727,1.18731
EUR/USD,20170804 03:01:46.519,1.1876,1.18766
EUR/USD,20170804 03:06:49.731,1.18767,1.1877
EUR/USD,20170804 03:11:51.030,1.1875,1.18756
EUR/USD,20170804 03:16:52.210,1.18755,1.1875799999999999
EUR/USD,20170804 03:21:58.770,1.18765,1.1876799999999998
EUR/USD,20170804 03:27:00.140,1.1876200000000001,1.1876799999999998
EUR/USD,20170804 03:32:00.505,1.1877,1.18774
EUR/USD,20170804 03:37:00.530,1.18767,1.1877
EUR/USD,20170804 03:42:00.786,1.1876799999999998,1.18774
EUR/USD,20170804 03:47:05.215,1.18781,1.18784
EUR/USD,20170804 03:52:13.267,1.1878600000000001,1.18791
EUR/USD,20170804 03:57:24.559,1.18782,1.1878600000000001
EUR/USD,20170804 04:02:29.890,1.18781,1.18785
EUR/USD,20170804 04:07:30.750,1.18792,1.18795
EUR/USD,20170804 04:12:30.824,1.18869,1.18874
EUR/USD,20170804 04:17:34.256,1.18846,1.18851
EUR/USD,20170804 04:22:36.635,1.1885,1.18854
EUR/USD,20170804 04:27:39.066,1.1883299999999999,1.18835
EUR/USD,20170804 04:32:45.039,1.18816,1.1882
EUR/USD,20170804 04:37:46.835,1.18794,1.18801
EUR/USD,20170804 04:42:50.004,1.1879,1.1879600000000001
EUR/USD,20170804 04:47:52.301,1.18782,1.18785
EUR/USD,20170804 04:52:55.524,1.18776,1.18781
EUR/USD,20170804 04:57:57.331,1.18791,1.18794
EUR/USD,20170804 05:02:59.164,1.18785,1.18787
EUR/USD,20170804 05:07:59.218,1.18783,1.18789
EUR/USD,20170804 05:13:01.594,1.18782,1.1878600000000001
EUR/USD,20170804 05:18:06.633,1.1878799999999998,1.18792
EUR/USD,20170804 05:23:08.151,1.18793,1.18797
EUR/USD,20170804 05:28:13.822,1.18793,1.18797
EUR/USD,20170804 05:33:19.000,1.18798,1.18801
EUR/USD,20170804 05:38:24.849,1.1879600000000001,1.1879899999999999
EUR/USD,20170804 05:43:25.290,1.1880700000000002,1.18811
EUR/USD,20170804 05:48:31.061,1.18792,1.18797
EUR/USD,20170804 05:53:32.471,1.18851,1.18852
EUR/USD,20170804 05:58:32.527,1.18831,1.18834
EUR/USD,20170804 06:03:32.627,1.1882700000000002,1.1883299999999999
EUR/USD,20170804 06:08:40.966,1.18785,1.18789
EUR/USD,20170804 06:13:41.437,1.18746,1.18749
EUR/USD,20170804 06:18:42.708,1.18767,1.18771
EUR/USD,20170804 06:23:43.032,1.18772,1.18776
EUR/USD,20170804 06:28:44.091,1.18767,1.18769
EUR/USD,20170804 06:33:45.331,1.1878799999999998,1.18792
EUR/USD,20170804 06:38:45.873,1.1881899999999999,1.18824
EUR/USD,20170804 06:43:46.186,1.1879600000000001,1.18801
EUR/USD,20170804 06:48:51.656,1.1878600000000001,1.1879
EUR/USD,20170804 06:53:52.701,1.18829,1.1883
EUR/USD,20170804 06:58:55.663,1.18842,1.18846
EUR/USD,20170804 07:03:58.155,1.18854,1.1885700000000001
EUR/USD,20170804 07:09:00.155,1.1882700000000002,1.18829
EUR/USD,20170804 07:14:00.246,1.1881700000000002,1.18821
EUR/USD,20170804 07:19:03.583,1.18791,1.18794
EUR/USD,20170804 07:24:04.357,1.18791,1.18793
EUR/USD,20170804 07:29:06.663,1.18787,1.18791
EUR/USD,20170804 07:34:14.380,1.1880899999999999,1.18811
EUR/USD,20170804 07:39:14.792,1.1883,1.18832
EUR/USD,20170804 07:44:15.722,1.1883,1.18832
EUR/USD,20170804 07:49:15.756,1.18805,1.1880700000000002
EUR/USD,20170804 07:54:16.591,1.18818,1.1882
EUR/USD,20170804 07:59:19.208,1.18824,1.18826
EUR/USD,20170804 08:04:22.105,1.18849,1.18851
EUR/USD,20170804 08:09:22.749,1.18836,1.18839
EUR/USD,20170804 08:14:24.151,1.18831,1.1883299999999999
EUR/USD,20170804 08:19:26.595,1.18841,1.18842
EUR/USD,20170804 08:24:32.298,1.18826,1.1883
EUR/USD,20170804 08:29:39.007,1.1884299999999999,1.18845
EUR/USD,20170804 08:34:39.397,1.1881700000000002,1.1882
EUR/USD,20170804 08:39:43.405,1.18811,1.18815
EUR/USD,20170804 08:44:44.139,1.18836,1.18841
EUR/USD,20170804 08:49:44.236,1.18866,1.18869
EUR/USD,20170804 08:54:44.618,1.18852,1.18856
EUR/USD,20170804 08:59:44.729,1.18824,1.18826
EUR/USD,20170804 09:04:44.876,1.18831,1.18834
EUR/USD,20170804 09:09:45.436,1.1883700000000001,1.1884
EUR/USD,20170804 09:14:46.232,1.1883299999999999,1.1883700000000001
EUR/USD,20170804 09:19:47.265,1.18816,1.1881700000000002
EUR/USD,20170804 09:24:49.955,1.1881700000000002,1.1882
EUR/USD,20170804 09:29:50.996,1.18804,1.1880600000000001
EUR/USD,20170804 09:34:52.111,1.18802,1.18805
EUR/USD,20170804 09:39:54.687,1.1878799999999998,1.18792
EUR/USD,20170804 09:44:58.633,1.18794,1.18798
EUR/USD,20170804 09:49:59.314,1.1879,1.18794
EUR/USD,20170804 09:54:59.788,1.1880700000000002,1.1880899999999999
EUR/USD,20170804 10:00:00.271,1.18821,1.18823
EUR/USD,20170804 10:05:01.084,1.18797,1.1879899999999999
EUR/USD,20170804 10:10:02.349,1.18804,1.1880700000000002
EUR/USD,20170804 10:15:04.385,1.1877799999999998,1.18782
EUR/USD,20170804 10:20:05.035,1.18805,1.18808
EUR/USD,20170804 10:25:08.715,1.18801,1.18805
EUR/USD,20170804 10:30:11.494,1.18772,1.18776
EUR/USD,20170804 10:35:11.726,1.18751,1.18755
EUR/USD,20170804 10:40:13.323,1.18764,1.18766
EUR/USD,20170804 10:45:14.643,1.18753,1.1875799999999999
EUR/USD,20170804 10:50:16.642,1.18736,1.1873799999999999
EUR/USD,20170804 10:55:18.601,1.18721,1.18724
EUR/USD,20170804 11:00:20.236,1.18707,1.18707
EUR/USD,20170804 11:05:22.380,1.18699,1.18702
EUR/USD,20170804 11:10:23.985,1.18676,1.18677
EUR/USD,20170804 11:15:25.582,1.1868,1.18685
EUR/USD,20170804 11:20:26.111,1.18682,1.18684
EUR/USD,20170804 11:25:31.101,1.1870100000000001,1.18705
EUR/USD,20170804 11:30:33.962,1.18717,1.18719
EUR/USD,20170804 11:35:35.082,1.18733,1.18736
EUR/USD,20170804 11:40:37.047,1.18711,1.18715
EUR/USD,20170804 11:45:37.488,1.18735,1.18736
EUR/USD,20170804 11:50:42.207,1.18707,1.1871200000000002
EUR/USD,20170804 11:55:48.892,1.1872200000000002,1.18726
EUR/USD,20170804 12:00:49.100,1.1874799999999999,1.1875200000000001
EUR/USD,20170804 12:05:49.433,1.1873,1.18733
EUR/USD,20170804 12:10:51.103,1.1871399999999999,1.18717
EUR/USD,20170804 12:15:51.163,1.1868100000000001,1.18682
EUR/USD,20170804 12:20:51.199,1.18679,1.1868299999999998
EUR/USD,20170804 12:25:51.775,1.18664,1.1867
EUR/USD,20170804 12:30:52.088,1.1840899999999999,1.18415
EUR/USD,20170804 12:35:52.177,1.18395,1.1839600000000001
EUR/USD,20170804 12:40:52.319,1.1841899999999999,1.18422
EUR/USD,20170804 12:45:52.921,1.1851399999999999,1.18515
EUR/USD,20170804 12:50:52.983,1.18432,1.18434
EUR/USD,20170804 12:55:53.012,1.18383,1.1838600000000001
EUR/USD,20170804 13:00:53.196,1.1835,1.18354
EUR/USD,20170804 13:05:53.272,1.1841,1.18413
EUR/USD,20170804 13:10:54.500,1.18421,1.18423
EUR/USD,20170804 13:15:55.432,1.1834200000000001,1.1834200000000001
EUR/USD,20170804 13:21:00.253,1.1831200000000002,1.18316
EUR/USD,20170804 13:26:00.450,1.18383,1.18385
EUR/USD,20170804 13:31:00.775,1.18422,1.18425
EUR/USD,20170804 13:36:02.743,1.1837600000000001,1.1838
EUR/USD,20170804 13:41:03.282,1.1832200000000002,1.18325
EUR/USD,20170804 13:46:04.804,1.1833200000000001,1.18335
EUR/USD,20170804 13:51:05.048,1.18066,1.18069
EUR/USD,20170804 13:56:05.108,1.1794,1.17944
EUR/USD,20170804 14:01:05.111,1.17876,1.17876
EUR/USD,20170804 14:06:05.111,1.17708,1.1771
EUR/USD,20170804 14:11:05.673,1.1753,1.1753200000000001
EUR/USD,20170804 14:16:05.738,1.1762700000000001,1.17628
EUR/USD,20170804 14:21:05.814,1.1757600000000001,1.17581
EUR/USD,20170804 14:26:05.917,1.17468,1.1747299999999998
EUR/USD,20170804 14:31:05.971,1.17416,1.17419
EUR/USD,20170804 14:36:06.015,1.17486,1.1749
EUR/USD,20170804 14:41:06.396,1.1749,1.17492
EUR/USD,20170804 14:46:06.729,1.17555,1.17559
EUR/USD,20170804 14:51:06.837,1.1760700000000002,1.1761
EUR/USD,20170804 14:56:06.987,1.1758,1.17584
EUR/USD,20170804 15:01:10.778,1.17517,1.17517
EUR/USD,20170804 15:06:11.131,1.17519,1.1752200000000002
EUR/USD,20170804 15:11:11.169,1.17604,1.1760700000000002
EUR/USD,20170804 15:16:11.467,1.1763299999999999,1.1763700000000001
EUR/USD,20170804 15:21:12.071,1.17592,1.17595
EUR/USD,20170804 15:26:12.382,1.17536,1.1753799999999999
EUR/USD,20170804 15:31:12.716,1.17516,1.17519
EUR/USD,20170804 15:36:13.130,1.17485,1.17489
EUR/USD,20170804 15:41:13.143,1.1747,1.17472
EUR/USD,20170804 15:46:13.228,1.17518,1.17519
EUR/USD,20170804 15:51:20.148,1.17553,1.17555
EUR/USD,20170804 15:56:20.218,1.17543,1.17545
EUR/USD,20170804 16:01:20.396,1.17559,1.17561
EUR/USD,20170804 16:06:21.407,1.1754200000000001,1.17544
EUR/USD,20170804 16:11:22.213,1.17511,1.17515
EUR/USD,20170804 16:16:23.723,1.17391,1.17394
EUR/USD,20170804 16:21:23.733,1.1741700000000002,1.17422
EUR/USD,20170804 16:26:26.273,1.17466,1.17469
EUR/USD,20170804 16:31:26.574,1.17569,1.1757
EUR/USD,20170804 16:36:27.758,1.17536,1.17537
EUR/USD,20170804 16:41:29.156,1.17534,1.1753799999999999
EUR/USD,20170804 16:46:29.200,1.1752,1.17523
EUR/USD,20170804 16:51:29.802,1.17523,1.17525
EUR/USD,20170804 16:56:32.704,1.17563,1.17566
EUR/USD,20170804 17:01:32.784,1.17525,1.17527
EUR/USD,20170804 17:06:33.413,1.17533,1.17537
EUR/USD,20170804 17:11:35.336,1.17527,1.17529
EUR/USD,20170804 17:16:35.613,1.17575,1.1757799999999998
EUR/USD,20170804 17:21:36.217,1.1758,1.17584
EUR/USD,20170804 17:26:36.627,1.17588,1.17592
EUR/USD,20170804 17:31:38.130,1.17625,1.17628
EUR/USD,20170804 17:36:40.539,1.1758899999999999,1.17592
EUR/USD,20170804 17:41:41.770,1.1757799999999998,1.17581
EUR/USD,20170804 17:46:45.930,1.1758600000000001,1.1758899999999999
EUR/USD,20170804 17:51:47.838,1.17545,1.1755
EUR/USD,20170804 17:56:52.568,1.17561,1.17563
EUR/USD,20170804 18:01:57.316,1.17519,1.17523
EUR/USD,20170804 18:07:00.045,1.1752200000000002,1.17525
EUR/USD,20170804 18:12:06.702,1.1755200000000001,1.17557
EUR/USD,20170804 18:17:06.767,1.17579,1.17584
EUR/USD,20170804 18:22:09.020,1.17591,1.17593
EUR/USD,20170804 18:27:09.170,1.17636,1.1764
EUR/USD,20170804 18:32:09.513,1.17611,1.17614
EUR/USD,20170804 18:37:12.805,1.1763,1.17634
EUR/USD,20170804 18:42:18.761,1.1764,1.1764299999999999
EUR/USD,20170804 18:47:23.828,1.17654,1.17658
EUR/USD,20170804 18:52:24.506,1.17665,1.17668
EUR/USD,20170804 18:57:25.357,1.1764299999999999,1.17646
EUR/USD,20170804 19:02:25.361,1.17708,1.17711
EUR/USD,20170804 19:07:27.277,1.17736,1.17739
EUR/USD,20170804 19:12:27.942,1.17731,1.17733
EUR/USD,20170804 19:17:31.922,1.17745,1.1774799999999999
EUR/USD,20170804 19:22:33.597,1.1775,1.17753
EUR/USD,20170804 19:27:34.189,1.1778600000000001,1.1778899999999999
EUR/USD,20170804 19:32:34.332,1.1775,1.17753
EUR/USD,20170804 19:37:35.910,1.17765,1.17769
EUR/USD,20170804 19:42:36.516,1.17805,1.17806
EUR/USD,20170804 19:47:45.966,1.1775799999999998,1.1776200000000001
EUR/USD,20170804 19:52:46.020,1.17763,1.17767
EUR/USD,20170804 19:57:47.506,1.1778899999999999,1.17793
EUR/USD,20170804 20:02:48.389,1.17814,1.17818
EUR/USD,20170804 20:07:48.750,1.1781700000000002,1.1782299999999999
EUR/USD,20170804 20:12:51.245,1.17803,1.17808
EUR/USD,20170804 20:17:51.275,1.17793,1.17798
EUR/USD,20170804 20:22:55.717,1.17793,1.17798
EUR/USD,20170804 20:27:56.767,1.1778,1.17783
EUR/USD,20170804 20:32:58.830,1.1776200000000001,1.17767
EUR/USD,20170804 20:37:59.199,1.1775799999999998,1.1776200000000001
EUR/USD,20170804 20:43:00.012,1.17761,1.17765
EUR/USD,20170804 20:48:00.955,1.17724,1.17731
EUR/USD,20170804 20:53:01.393,1.1769399999999999,1.17697
EUR/USD,20170804 20:58:01.679,1.17726,1.17734
EUR/USD,20170806 21:03:30.384,1.17718,1.1775799999999998
EUR/USD,20170806 21:08:40.081,1.17729,1.1775200000000001
EUR/USD,20170806 21:13:44.180,1.17724,1.17746
EUR/USD,20170806 21:18:46.718,1.17716,1.1774200000000001
EUR/USD,20170806 21:24:09.149,1.17708,1.17744
EUR/USD,20170806 21:29:17.172,1.17709,1.17744
EUR/USD,20170806 21:34:19.153,1.1771399999999999,1.1775
EUR/USD,20170806 21:39:24.264,1.17705,1.17735
EUR/USD,20170806 21:44:24.846,1.17703,1.1774200000000001
EUR/USD,20170806 21:49:25.060,1.17721,1.17744
EUR/USD,20170806 21:54:27.149,1.1772799999999999,1.17743
EUR/USD,20170806 21:59:27.196,1.17745,1.17761
EUR/USD,20170806 22:04:27.210,1.17751,1.1776
EUR/USD,20170806 22:09:27.704,1.17765,1.1777799999999998
EUR/USD,20170806 22:14:27.819,1.17772,1.17781
EUR/USD,20170806 22:19:27.991,1.17788,1.17794
EUR/USD,20170806 22:24:30.388,1.17794,1.17802
EUR/USD,20170806 22:29:32.791,1.1784299999999999,1.17849
EUR/USD,20170806 22:34:33.676,1.17918,1.17924
EUR/USD,20170806 22:39:34.360,1.17869,1.17877
EUR/USD,20170806 22:44:45.154,1.17872,1.17885
EUR/USD,20170806 22:49:45.347,1.1789,1.17896
EUR/USD,20170806 22:54:46.523,1.17872,1.17879
EUR/USD,20170806 22:59:48.222,1.17858,1.17866
EUR/USD,20170806 23:04:50.210,1.17892,1.17895
EUR/USD,20170806 23:09:50.267,1.17893,1.17898
EUR/USD,20170806 23:14:50.382,1.17867,1.17876
EUR/USD,20170806 23:19:54.053,1.17852,1.1785299999999999
EUR/USD,20170806 23:25:00.394,1.17832,1.17835
EUR/USD,20170806 23:30:03.709,1.17818,1.17821
EUR/USD,20170806 23:35:04.025,1.1780899999999999,1.17811
EUR/USD,20170806 23:40:10.983,1.1780899999999999,1.17811
EUR/USD,20170806 23:45:14.716,1.17816,1.17819
EUR/USD,20170806 23:50:18.442,1.17815,1.1782
EUR/USD,20170806 23:55:18.627,1.17788,1.17793
EUR/USD,20170807 00:00:20.569,1.17771,1.1777600000000001
EUR/USD,20170807 00:05:22.156,1.17819,1.17822
EUR/USD,20170807 00:10:25.522,1.17852,1.1785700000000001
EUR/USD,20170807 00:15:25.742,1.17791,1.17795
EUR/USD,20170807 00:20:31.972,1.17831,1.17835
EUR/USD,20170807 00:25:32.234,1.17859,1.1786299999999998
EUR/USD,20170807 00:30:35.327,1.17846,1.1785
EUR/USD,20170807 00:35:37.951,1.17844,1.17848
EUR/USD,20170807 00:40:39.138,1.17858,1.1786
EUR/USD,20170807 00:45:39.216,1.17878,1.17882
EUR/USD,20170807 00:50:47.790,1.17895,1.17898
EUR/USD,20170807 00:55:48.194,1.17892,1.17893
EUR/USD,20170807 01:00:52.443,1.1787100000000001,1.17872
EUR/USD,20170807 01:05:52.506,1.1791399999999999,1.17917
EUR/USD,20170807 01:10:52.984,1.17903,1.1790399999999999
EUR/USD,20170807 01:15:56.094,1.1788,1.1788399999999999
EUR/USD,20170807 01:20:57.565,1.1788299999999998,1.17887
EUR/USD,20170807 01:25:59.050,1.1790399999999999,1.17907
EUR/USD,20170807 01:31:00.210,1.17888,1.17892
EUR/USD,20170807 01:36:07.237,1.17852,1.17858
EUR/USD,20170807 01:41:07.879,1.17877,1.1788100000000001
EUR/USD,20170807 01:46:08.009,1.17897,1.1790200000000002
EUR/USD,20170807 01:51:09.392,1.17908,1.1791399999999999
EUR/USD,20170807 01:56:10.050,1.17913,1.17916
EUR/USD,20170807 02:01:18.023,1.17929,1.17931
EUR/USD,20170807 02:06:18.659,1.17916,1.1792
EUR/USD,20170807 02:11:18.942,1.17963,1.17967
EUR/USD,20170807 02:16:19.314,1.1798,1.17981
EUR/USD,20170807 02:21:19.655,1.17973,1.1797600000000001
EUR/USD,20170807 02:26:24.165,1.1795,1.17954
EUR/USD,20170807 02:31:27.684,1.17964,1.1796799999999998
EUR/USD,20170807 02:36:33.296,1.17971,1.1797600000000001
EUR/USD,20170807 02:41:34.728,1.17964,1.1796799999999998
EUR/USD,20170807 02:46:35.838,1.17957,1.17964
EUR/USD,20170807 02:51:37.143,1.17967,1.1797
EUR/USD,20170807 02:56:37.976,1.1795799999999999,1.17961
EUR/USD,20170807 03:01:38.928,1.17934,1.17937
EUR/USD,20170807 03:06:42.046,1.17939,1.17944
EUR/USD,20170807 03:11:42.298,1.1794,1.1794200000000001
EUR/USD,20170807 03:16:53.191,1.17965,1.17969
EUR/USD,20170807 03:21:53.297,1.17981,1.1798600000000001
EUR/USD,20170807 03:26:53.948,1.17983,1.1798600000000001
EUR/USD,20170807 03:31:57.069,1.1797799999999998,1.17983
EUR/USD,20170807 03:36:57.915,1.17987,1.1799
EUR/USD,20170807 03:42:03.405,1.1798899999999999,1.17994
EUR/USD,20170807 03:47:05.973,1.1800899999999999,1.18012
EUR/USD,20170807 03:52:13.152,1.17972,1.1797600000000001
EUR/USD,20170807 03:57:16.134,1.17969,1.17973
EUR/USD,20170807 04:02:16.498,1.17982,1.1798799999999998
EUR/USD,20170807 04:07:16.704,1.17991,1.17994
EUR/USD,20170807 04:12:17.289,1.18,1.18005
EUR/USD,20170807 04:17:19.689,1.17982,1.17984
EUR/USD,20170807 04:22:19.724,1.17979,1.17983
EUR/USD,20170807 04:27:19.735,1.17983,1.17987
EUR/USD,20170807 04:32:19.888,1.17964,1.17966
EUR/USD,20170807 04:37:22.120,1.17959,1.17967
EUR/USD,20170807 04:42:24.877,1.17973,1.1797799999999998
EUR/USD,20170807 04:47:24.942,1.17973,1.1797799999999998
EUR/USD,20170807 04:52:25.549,1.17963,1.17966
EUR/USD,20170807 04:57:25.840,1.17949,1.17953
EUR/USD,20170807 05:02:31.424,1.1795,1.17954
EUR/USD,20170807 05:07:32.303,1.17953,1.17959
EUR/USD,20170807 05:12:34.106,1.17943,1.17946
EUR/USD,20170807 05:17:39.268,1.1793799999999999,1.17944
EUR/USD,20170807 05:22:39.560,1.1793200000000001,1.17936
EUR/USD,20170807 05:27:42.159,1.17937,1.17941
EUR/USD,20170807 05:32:42.344,1.1793799999999999,1.1794
EUR/USD,20170807 05:37:44.877,1.17949,1.1795200000000001
EUR/USD,20170807 05:42:54.352,1.17927,1.1793200000000001
EUR/USD,20170807 05:47:56.322,1.17917,1.1792
EUR/USD,20170807 05:53:01.247,1.1789100000000001,1.17896
EUR/USD,20170807 05:58:01.766,1.17864,1.17867
EUR/USD,20170807 06:03:02.677,1.1785299999999999,1.17856
EUR/USD,20170807 06:08:04.056,1.17829,1.17832
EUR/USD,20170807 06:13:04.595,1.17875,1.17879
EUR/USD,20170807 06:18:07.665,1.179,1.17903
EUR/USD,20170807 06:23:09.150,1.17889,1.1789100000000001
EUR/USD,20170807 06:28:11.039,1.1789100000000001,1.1789399999999999
EUR/USD,20170807 06:33:12.113,1.17905,1.17907
EUR/USD,20170807 06:38:12.153,1.17864,1.17868
EUR/USD,20170807 06:43:14.045,1.17889,1.17893
EUR/USD,20170807 06:48:16.724,1.1787100000000001,1.1787299999999998
EUR/USD,20170807 06:53:18.075,1.17812,1.17815
EUR/USD,20170807 06:58:20.959,1.17834,1.17838
EUR/USD,20170807 07:03:22.833,1.17839,1.17842
EUR/USD,20170807 07:08:22.943,1.17834,1.1783700000000001
EUR/USD,20170807 07:13:23.168,1.1783,1.1783299999999999
EUR/USD,20170807 07:18:24.884,1.17845,1.17848
EUR/USD,20170807 07:23:26.824,1.17868,1.1787
EUR/USD,20170807 07:28:27.709,1.17866,1.17867
EUR/USD,20170807 07:33:29.284,1.17882,1.17885
EUR/USD,20170807 07:38:29.941,1.17872,1.17875
EUR/USD,20170807 07:43:30.214,1.17915,1.17918
EUR/USD,20170807 07:48:30.554,1.18052,1.18052
EUR/USD,20170807 07:53:30.852,1.18055,1.1805700000000001
EUR/USD,20170807 07:58:31.131,1.18079,1.1808
EUR/USD,20170807 08:03:31.812,1.18031,1.18031
EUR/USD,20170807 08:08:33.384,1.1806299999999998,1.1806299999999998
EUR/USD,20170807 08:13:35.194,1.18058,1.18061
EUR/USD,20170807 08:18:37.151,1.18064,1.18067
EUR/USD,20170807 08:23:37.262,1.1805299999999999,1.18056
EUR/USD,20170807 08:28:39.051,1.18026,1.18028
EUR/USD,20170807 08:33:39.364,1.18032,1.18032
EUR/USD,20170807 08:38:40.108,1.1802700000000002,1.18031
EUR/USD,20170807 08:43:42.819,1.1800899999999999,1.18011
EUR/USD,20170807 08:48:44.722,1.18034,1.18034
EUR/USD,20170807 08:53:45.040,1.18028,1.18031
EUR/USD,20170807 08:58:45.044,1.1796799999999998,1.1797
EUR/USD,20170807 09:03:45.207,1.1798899999999999,1.17991
EUR/USD,20170807 09:08:56.263,1.18034,1.18036
EUR/USD,20170807 09:13:56.352,1.18026,1.18032
EUR/USD,20170807 09:19:00.130,1.18013,1.18016
EUR/USD,20170807 09:24:00.257,1.18012,1.1801700000000002
EUR/USD,20170807 09:29:03.555,1.18001,1.1800700000000002
EUR/USD,20170807 09:34:06.967,1.1795799999999999,1.1796
EUR/USD,20170807 09:39:09.453,1.17906,1.17907
EUR/USD,20170807 09:44:12.368,1.17956,1.1795799999999999
EUR/USD,20170807 09:49:12.421,1.17933,1.17937
EUR/USD,20170807 09:54:16.562,1.17993,1.17997
EUR/USD,20170807 09:59:18.020,1.18008,1.18011
EUR/USD,20170807 10:04:21.892,1.1799600000000001,1.1799899999999999
EUR/USD,20170807 10:09:22.125,1.17991,1.17995
EUR/USD,20170807 10:14:22.483,1.17949,1.17953
EUR/USD,20170807 10:19:22.873,1.17974,1.17977
EUR/USD,20170807 10:24:24.893,1.18036,1.18038
EUR/USD,20170807 10:29:25.428,1.18016,1.18018
EUR/USD,20170807 10:34:26.058,1.1803700000000001,1.1804
EUR/USD,20170807 10:39:27.014,1.1802700000000002,1.1803
EUR/USD,20170807 10:44:29.935,1.18036,1.18038
EUR/USD,20170807 10:49:31.235,1.18023,1.18024
EUR/USD,20170807 10:54:31.752,1.1799600000000001,1.18
EUR/USD,20170807 10:59:32.601,1.17994,1.17997
EUR/USD,20170807 11:04:34.514,1.1799600000000001,1.1799899999999999
EUR/USD,20170807 11:09:35.348,1.18024,1.1802700000000002
EUR/USD,20170807 11:14:43.044,1.1801,1.18012
EUR/USD,20170807 11:19:46.021,1.18041,1.18044
EUR/USD,20170807 11:24:48.413,1.18061,1.18062
EUR/USD,20170807 11:29:48.479,1.18015,1.1801700000000002
EUR/USD,20170807 11:34:48.508,1.1795,1.17953
EUR/USD,20170807 11:39:55.024,1.17947,1.17949
EUR/USD,20170807 11:44:55.593,1.17984,1.17987
EUR/USD,20170807 11:49:55.746,1.17969,1.17972
EUR/USD,20170807 11:54:56.376,1.1798,1.17983
EUR/USD,20170807 11:59:56.765,1.18023,1.18026
EUR/USD,20170807 12:04:58.914,1.1802,1.18022
EUR/USD,20170807 12:09:59.116,1.17975,1.1797600000000001
EUR/USD,20170807 12:14:59.305,1.17967,1.17969
EUR/USD,20170807 12:20:00.027,1.17927,1.1793
EUR/USD,20170807 12:25:00.668,1.17947,1.17949
EUR/USD,20170807 12:30:01.443,1.1795799999999999,1.1796
EUR/USD,20170807 12:35:03.427,1.17944,1.17947
EUR/USD,20170807 12:40:06.300,1.17919,1.17923
EUR/USD,20170807 12:45:07.275,1.17878,1.17882
EUR/USD,20170807 12:50:07.288,1.179,1.17903
EUR/USD,20170807 12:55:07.711,1.17877,1.1788100000000001
EUR/USD,20170807 13:00:14.840,1.17867,1.17872
EUR/USD,20170807 13:05:16.429,1.17864,1.17864
EUR/USD,20170807 13:10:17.658,1.17893,1.17897
EUR/USD,20170807 13:15:17.733,1.17923,1.17927
EUR/USD,20170807 13:20:17.747,1.17936,1.1793799999999999
EUR/USD,20170807 13:25:17.780,1.1788100000000001,1.17886
EUR/USD,20170807 13:30:20.361,1.17861,1.17865
EUR/USD,20170807 13:35:20.979,1.17877,1.1788
EUR/USD,20170807 13:40:21.105,1.17856,1.17859
EUR/USD,20170807 13:45:23.281,1.17879,1.17882
EUR/USD,20170807 13:50:24.131,1.1792,1.17923
EUR/USD,20170807 13:55:25.406,1.17925,1.1792799999999999
EUR/USD,20170807 14:00:25.468,1.17917,1.1792
EUR/USD,20170807 14:05:25.825,1.17878,1.1788100000000001
EUR/USD,20170807 14:10:28.244,1.17925,1.17927
EUR/USD,20170807 14:15:29.277,1.1783700000000001,1.17839
EUR/USD,20170807 14:20:29.281,1.17889,1.1789
EUR/USD,20170807 14:25:29.829,1.17845,1.17848
EUR/USD,20170807 14:30:30.022,1.17866,1.17868
EUR/USD,20170807 14:35:30.377,1.17868,1.1787
EUR/USD,20170807 14:40:30.603,1.1786299999999998,1.17866
EUR/USD,20170807 14:45:31.770,1.17885,1.17886
EUR/USD,20170807 14:50:33.254,1.17903,1.17906
EUR/USD,20170807 14:55:33.571,1.1792799999999999,1.1793
EUR/USD,20170807 15:00:34.031,1.17946,1.17949
EUR/USD,20170807 15:05:34.057,1.17916,1.17919
EUR/USD,20170807 15:10:34.210,1.179,1.17903
EUR/USD,20170807 15:15:34.451,1.1792799999999999,1.17931
EUR/USD,20170807 15:20:34.910,1.17923,1.1792799999999999
EUR/USD,20170807 15:25:35.199,1.17899,1.179
EUR/USD,20170807 15:30:35.206,1.17897,1.17899
EUR/USD,20170807 15:35:36.653,1.1791399999999999,1.17917
EUR/USD,20170807 15:40:37.275,1.17899,1.179
EUR/USD,20170807 15:45:40.814,1.17885,1.17886
EUR/USD,20170807 15:50:40.823,1.17893,1.17895
EUR/USD,20170807 15:55:43.128,1.17908,1.1791
EUR/USD,20170807 16:00:44.133,1.1787299999999998,1.17877
EUR/USD,20170807 16:05:44.684,1.17848,1.17849
EUR/USD,20170807 16:10:44.835,1.1783,1.1783299999999999
EUR/USD,20170807 16:15:45.978,1.17834,1.17838
EUR/USD,20170807 16:20:46.306,1.17845,1.1784700000000001
EUR/USD,20170807 16:25:48.979,1.17855,1.1785700000000001
EUR/USD,20170807 16:30:51.590,1.17841,1.17846
EUR/USD,20170807 16:35:58.133,1.17841,1.17849
EUR/USD,20170807 16:41:01.302,1.17852,1.17856
EUR/USD,20170807 16:46:03.663,1.17868,1.1787299999999998
EUR/USD,20170807 16:51:04.191,1.17895,1.17899
EUR/USD,20170807 16:56:04.881,1.17889,1.1789100000000001
EUR/USD,20170807 17:01:04.886,1.17915,1.17916
EUR/USD,20170807 17:06:10.296,1.17903,1.17906
EUR/USD,20170807 17:11:17.140,1.1792200000000002,1.17927
EUR/USD,20170807 17:16:19.787,1.17953,1.17954
EUR/USD,20170807 17:21:21.081,1.17927,1.17931
EUR/USD,20170807 17:26:23.217,1.17929,1.17933
EUR/USD,20170807 17:31:23.463,1.17892,1.17895
EUR/USD,20170807 17:36:23.986,1.17893,1.17897
EUR/USD,20170807 17:41:24.023,1.17927,1.17929
EUR/USD,20170807 17:46:28.885,1.1793,1.17933
EUR/USD,20170807 17:51:29.161,1.1795,1.17951
EUR/USD,20170807 17:56:29.374,1.1793,1.17934
EUR/USD,20170807 18:01:34.094,1.17918,1.17921
EUR/USD,20170807 18:06:34.447,1.17913,1.17918
EUR/USD,20170807 18:11:36.053,1.17909,1.17913
EUR/USD,20170807 18:16:37.517,1.1788299999999998,1.17885
EUR/USD,20170807 18:21:39.105,1.17896,1.17898
EUR/USD,20170807 18:26:43.839,1.17879,1.17882
EUR/USD,20170807 18:31:46.823,1.17899,1.17903
EUR/USD,20170807 18:36:46.841,1.17899,1.1790200000000002
EUR/USD,20170807 18:41:52.260,1.1790100000000001,1.1790399999999999
EUR/USD,20170807 18:46:52.311,1.1791,1.1791200000000002
EUR/USD,20170807 18:51:52.351,1.17918,1.17924
EUR/USD,20170807 18:56:53.591,1.17934,1.1793799999999999
EUR/USD,20170807 19:01:53.848,1.17919,1.1792200000000002
EUR/USD,20170807 19:06:55.832,1.17934,1.17936
EUR/USD,20170807 19:11:56.116,1.1789,1.17893
EUR/USD,20170807 19:17:00.046,1.17919,1.1792200000000002
EUR/USD,20170807 19:22:04.877,1.17919,1.1792200000000002
EUR/USD,20170807 19:27:06.290,1.17941,1.17944
EUR/USD,20170807 19:32:06.400,1.1796,1.1796200000000001
EUR/USD,20170807 19:37:06.481,1.17945,1.17946
EUR/USD,20170807 19:42:07.877,1.1794200000000001,1.17946
EUR/USD,20170807 19:47:08.655,1.17929,1.17933
EUR/USD,20170807 19:52:10.042,1.1792799999999999,1.1793200000000001
EUR/USD,20170807 19:57:11.391,1.17919,1.17921
EUR/USD,20170807 20:02:12.762,1.17959,1.17963
EUR/USD,20170807 20:07:17.235,1.17949,1.17953
EUR/USD,20170807 20:12:24.869,1.17934,1.17937
EUR/USD,20170807 20:17:24.875,1.17934,1.1793799999999999
EUR/USD,20170807 20:22:25.734,1.1793200000000001,1.1794
EUR/USD,20170807 20:27:31.367,1.17936,1.1794
EUR/USD,20170807 20:32:34.573,1.17933,1.1793799999999999
EUR/USD,20170807 20:37:40.669,1.17929,1.17934
EUR/USD,20170807 20:42:44.900,1.1793200000000001,1.1793799999999999
EUR/USD,20170807 20:47:50.082,1.1793799999999999,1.17941
EUR/USD,20170807 20:52:53.052,1.17943,1.1794799999999999
EUR/USD,20170807 20:57:57.712,1.17947,1.17955
EUR/USD,20170807 21:02:58.835,1.17927,1.17934
EUR/USD,20170807 21:08:00.476,1.17943,1.1795799999999999
EUR/USD,20170807 21:13:04.858,1.1794200000000001,1.17973
EUR/USD,20170807 21:18:05.648,1.1794,1.17965
EUR/USD,20170807 21:23:14.001,1.1794,1.17956
EUR/USD,20170807 21:28:18.296,1.17939,1.17959
EUR/USD,20170807 21:33:24.382,1.17931,1.17951
EUR/USD,20170807 21:38:24.429,1.1794,1.17955
EUR/USD,20170807 21:43:24.441,1.17941,1.17956
EUR/USD,20170807 21:48:24.553,1.17951,1.17965
EUR/USD,20170807 21:53:24.959,1.1795200000000001,1.17971
EUR/USD,20170807 21:58:30.670,1.17964,1.1797600000000001
EUR/USD,20170807 22:03:33.825,1.17972,1.17977
EUR/USD,20170807 22:08:34.397,1.17947,1.17953
EUR/USD,20170807 22:13:37.062,1.17949,1.17954
EUR/USD,20170807 22:18:37.405,1.17969,1.17975
EUR/USD,20170807 22:23:42.800,1.18,1.18001
EUR/USD,20170807 22:28:43.871,1.17993,1.17995
EUR/USD,20170807 22:33:47.673,1.1797,1.17975
EUR/USD,20170807 22:38:48.339,1.1795799999999999,1.17964
EUR/USD,20170807 22:43:48.875,1.17945,1.17953
EUR/USD,20170807 22:48:50.873,1.1793799999999999,1.1794
EUR/USD,20170807 22:53:51.359,1.1793,1.17935
EUR/USD,20170807 22:58:57.861,1.17919,1.17926
EUR/USD,20170807 23:03:59.419,1.1793799999999999,1.17947
EUR/USD,20170807 23:09:06.924,1.17943,1.17949
EUR/USD,20170807 23:14:13.838,1.1795,1.17956
EUR/USD,20170807 23:19:14.792,1.1795,1.17954
EUR/USD,20170807 23:24:18.038,1.1795200000000001,1.1795799999999999
EUR/USD,20170807 23:29:22.765,1.17965,1.1797
EUR/USD,20170807 23:34:27.819,1.1796799999999998,1.1797
EUR/USD,20170807 23:39:30.214,1.1797,1.17974
EUR/USD,20170807 23:44:35.925,1.17974,1.17979
EUR/USD,20170807 23:49:36.411,1.1799600000000001,1.18001
EUR/USD,20170807 23:54:36.537,1.18008,1.18013
EUR/USD,20170807 23:59:38.396,1.17997,1.18
EUR/USD,20170808 00:04:42.667,1.17994,1.17997
EUR/USD,20170808 00:09:44.632,1.1799899999999999,1.18003
EUR/USD,20170808 00:14:44.866,1.1801,1.18014
EUR/USD,20170808 00:19:46.870,1.18006,1.1800899999999999
EUR/USD,20170808 00:24:50.580,1.18028,1.18032
EUR/USD,20170808 00:30:00.663,1.18029,1.18034
EUR/USD,20170808 00:35:01.448,1.1802700000000002,1.1803299999999999
EUR/USD,20170808 00:40:01.626,1.18026,1.1803
EUR/USD,20170808 00:45:02.015,1.18039,1.1804299999999999
EUR/USD,20170808 00:50:04.761,1.18046,1.18052
EUR/USD,20170808 00:55:05.762,1.1804,1.18042
EUR/USD,20170808 01:00:12.337,1.1802700000000002,1.1803
EUR/USD,20170808 01:05:22.530,1.18038,1.18046
EUR/USD,20170808 01:10:26.039,1.1805299999999999,1.18058
EUR/USD,20170808 01:15:28.414,1.18064,1.18069
EUR/USD,20170808 01:20:29.693,1.18066,1.18069
EUR/USD,20170808 01:25:30.421,1.1806299999999998,1.18068
EUR/USD,20170808 01:30:31.769,1.18078,1.1808100000000001
EUR/USD,20170808 01:35:34.943,1.181,1.18103
EUR/USD,20170808 01:40:35.001,1.1815,1.1815
EUR/USD,20170808 01:45:40.587,1.18167,1.18171
EUR/USD,20170808 01:50:42.622,1.18177,1.18181
EUR/USD,20170808 01:55:42.847,1.18208,1.18211
EUR/USD,20170808 02:00:43.661,1.18171,1.18174
EUR/USD,20170808 02:05:44.854,1.18161,1.18163
EUR/USD,20170808 02:10:45.864,1.18134,1.1813799999999999
EUR/USD,20170808 02:15:46.805,1.18143,1.18147
EUR/USD,20170808 02:20:51.249,1.18144,1.1815
EUR/USD,20170808 02:25:55.852,1.18144,1.1814799999999999
EUR/USD,20170808 02:30:59.210,1.18139,1.18141
EUR/USD,20170808 02:36:02.001,1.18124,1.18129
EUR/USD,20170808 02:41:02.337,1.18107,1.18108
EUR/USD,20170808 02:46:02.772,1.18088,1.18092
EUR/USD,20170808 02:51:04.357,1.18107,1.18109
EUR/USD,20170808 02:56:04.403,1.181,1.1810200000000002
EUR/USD,20170808 03:01:04.867,1.1815200000000001,1.18154
EUR/USD,20170808 03:06:08.615,1.1815200000000001,1.18155
EUR/USD,20170808 03:11:11.240,1.1814,1.18144
EUR/USD,20170808 03:16:15.496,1.18123,1.18131
EUR/USD,20170808 03:21:22.468,1.18116,1.18119
EUR/USD,20170808 03:26:29.215,1.18111,1.1811399999999999
EUR/USD,20170808 03:31:33.138,1.1810100000000001,1.18105
EUR/USD,20170808 03:36:36.051,1.1810100000000001,1.1810399999999999
EUR/USD,20170808 03:41:44.313,1.18106,1.18111
EUR/USD,20170808 03:46:44.789,1.1810399999999999,1.18109
EUR/USD,20170808 03:51:46.903,1.18079,1.1808299999999998
EUR/USD,20170808 03:56:55.606,1.1808,1.18084
EUR/USD,20170808 04:01:57.835,1.18088,1.1809100000000001
EUR/USD,20170808 04:06:58.561,1.18093,1.18096
EUR/USD,20170808 04:12:04.847,1.18096,1.18099
EUR/USD,20170808 04:17:08.812,1.1811200000000002,1.18116
EUR/USD,20170808 04:22:13.608,1.18126,1.18129
EUR/USD,20170808 04:27:15.396,1.1811,1.1811399999999999
EUR/USD,20170808 04:32:17.675,1.18105,1.1811
EUR/USD,20170808 04:37:21.559,1.18116,1.18119
EUR/USD,20170808 04:42:24.366,1.18137,1.1814
EUR/USD,20170808 04:47:24.868,1.18136,1.18139
EUR/USD,20170808 04:52:42.082,1.18136,1.1814
EUR/USD,20170808 04:57:46.298,1.18141,1.18146
EUR/USD,20170808 05:02:54.002,1.18118,1.18125
EUR/USD,20170808 05:08:04.183,1.18097,1.1810200000000002
EUR/USD,20170808 05:13:04.838,1.18105,1.1811
EUR/USD,20170808 05:18:05.403,1.18127,1.1813
EUR/USD,20170808 05:23:07.722,1.18139,1.18141
EUR/USD,20170808 05:28:07.829,1.18129,1.1813200000000001
EUR/USD,20170808 05:33:09.118,1.18093,1.18096
EUR/USD,20170808 05:38:10.116,1.18097,1.1810100000000001
EUR/USD,20170808 05:43:12.692,1.1810200000000002,1.18105
EUR/USD,20170808 05:48:13.418,1.18074,1.18076
EUR/USD,20170808 05:53:14.438,1.18065,1.18069
EUR/USD,20170808 05:58:16.252,1.18088,1.1809100000000001
EUR/USD,20170808 06:03:21.722,1.1805,1.18054
EUR/USD,20170808 06:08:22.619,1.1807,1.1807299999999998
EUR/USD,20170808 06:13:28.533,1.1804700000000001,1.1805
EUR/USD,20170808 06:18:32.138,1.18087,1.1809100000000001
EUR/USD,20170808 06:23:32.232,1.18088,1.1809
EUR/USD,20170808 06:28:34.764,1.1806,1.18062
EUR/USD,20170808 06:33:36.191,1.18032,1.18034
EUR/USD,20170808 06:38:36.331,1.1804299999999999,1.18045
EUR/USD,20170808 06:43:40.381,1.1806,1.1806299999999998
EUR/USD,20170808 06:48:42.147,1.18078,1.1808100000000001
EUR/USD,20170808 06:53:42.834,1.18087,1.18089
EUR/USD,20170808 06:58:42.856,1.1808,1.1808299999999998
EUR/USD,20170808 07:03:43.622,1.18049,1.18051
EUR/USD,20170808 07:08:44.891,1.18059,1.18062
EUR/USD,20170808 07:13:45.702,1.1804700000000001,1.18048
EUR/USD,20170808 07:18:46.112,1.18051,1.18055
EUR/USD,20170808 07:23:46.205,1.18103,1.18106
EUR/USD,20170808 07:28:49.623,1.18116,1.18118
EUR/USD,20170808 07:33:54.025,1.1817,1.18171
EUR/USD,20170808 07:38:54.497,1.18137,1.18137
EUR/USD,20170808 07:43:56.294,1.18144,1.18146
EUR/USD,20170808 07:48:56.310,1.1813200000000001,1.18134
EUR/USD,20170808 07:54:01.715,1.18105,1.18107
EUR/USD,20170808 07:59:01.715,1.18072,1.18075
EUR/USD,20170808 08:04:04.962,1.18067,1.18072
EUR/USD,20170808 08:09:05.502,1.18059,1.18062
EUR/USD,20170808 08:14:14.304,1.18092,1.1809399999999999
EUR/USD,20170808 08:19:14.591,1.18109,1.18111
EUR/USD,20170808 08:24:18.975,1.1812,1.18123
EUR/USD,20170808 08:29:21.332,1.18118,1.1812200000000002
EUR/USD,20170808 08:34:22.761,1.1815200000000001,1.18153
EUR/USD,20170808 08:39:23.130,1.18099,1.1810200000000002
EUR/USD,20170808 08:44:24.354,1.1805700000000001,1.18058
EUR/USD,20170808 08:49:24.703,1.18086,1.18089
EUR/USD,20170808 08:54:25.126,1.1808,1.18082
EUR/USD,20170808 08:59:25.478,1.18089,1.1809100000000001
EUR/USD,20170808 09:04:26.428,1.18105,1.18108
EUR/USD,20170808 09:09:26.431,1.18134,1.18134
EUR/USD,20170808 09:14:28.467,1.18096,1.18099
EUR/USD,20170808 09:19:39.421,1.18121,1.1812200000000002
EUR/USD,20170808 09:24:43.246,1.18099,1.18103
EUR/USD,20170808 09:29:52.422,1.18079,1.18082
EUR/USD,20170808 09:34:52.739,1.1808,1.18084
EUR/USD,20170808 09:39:53.440,1.1811200000000002,1.18115
EUR/USD,20170808 09:44:53.785,1.18089,1.1809
EUR/USD,20170808 09:50:00.574,1.1811,1.18113
EUR/USD,20170808 09:55:03.050,1.18097,1.18099
EUR/USD,20170808 10:00:05.397,1.1810399999999999,1.18105
EUR/USD,20170808 10:05:06.158,1.1808299999999998,1.18086
EUR/USD,20170808 10:10:06.832,1.18097,1.1810100000000001
EUR/USD,20170808 10:15:07.066,1.18099,1.1810100000000001
EUR/USD,20170808 10:20:10.602,1.18108,1.1811
EUR/USD,20170808 10:25:14.608,1.1811,1.1811200000000002
EUR/USD,20170808 10:30:16.419,1.18121,1.18124
EUR/USD,20170808 10:35:17.706,1.18144,1.18147
EUR/USD,20170808 10:40:19.341,1.18136,1.18139
EUR/USD,20170808 10:45:23.128,1.1815799999999999,1.18164
EUR/USD,20170808 10:50:26.108,1.18165,1.1816799999999998
EUR/USD,20170808 10:55:27.936,1.18149,1.18153
EUR/USD,20170808 11:00:30.123,1.1815200000000001,1.18155
EUR/USD,20170808 11:05:30.595,1.1815799999999999,1.1816
EUR/USD,20170808 11:10:31.291,1.18145,1.18147
EUR/USD,20170808 11:15:32.712,1.18125,1.18127
EUR/USD,20170808 11:20:37.946,1.18124,1.1812799999999999
EUR/USD,20170808 11:25:37.985,1.18115,1.18119
EUR/USD,20170808 11:30:38.316,1.18096,1.18099
EUR/USD,20170808 11:35:39.899,1.18127,1.18127
EUR/USD,20170808 11:40:42.370,1.18093,1.18095
EUR/USD,20170808 11:45:42.847,1.18097,1.18099
EUR/USD,20170808 11:50:43.487,1.18069,1.18071
EUR/USD,20170808 11:55:43.600,1.18075,1.18078
EUR/USD,20170808 12:00:45.355,1.18086,1.18088
EUR/USD,20170808 12:05:46.620,1.1811,1.18111
EUR/USD,20170808 12:10:51.419,1.18139,1.18144
EUR/USD,20170808 12:15:53.658,1.18144,1.18146
EUR/USD,20170808 12:20:53.974,1.18133,1.18136
EUR/USD,20170808 12:25:54.647,1.18157,1.18159
EUR/USD,20170808 12:30:55.213,1.18166,1.18167
EUR/USD,20170808 12:35:55.481,1.1815,1.18151
EUR/USD,20170808 12:40:56.878,1.18146,1.18147
EUR/USD,20170808 12:45:57.059,1.18075,1.18077
EUR/USD,20170808 12:50:57.065,1.1809,1.1809399999999999
EUR/USD,20170808 12:55:57.876,1.1812,1.1812200000000002
EUR/USD,20170808 13:01:00.948,1.18155,1.18159
EUR/USD,20170808 13:06:01.553,1.18099,1.1810200000000002
EUR/USD,20170808 13:11:01.664,1.18093,1.1809399999999999
EUR/USD,20170808 13:16:01.848,1.1810100000000001,1.18103
EUR/USD,20170808 13:21:02.380,1.18117,1.18118
EUR/USD,20170808 13:26:12.796,1.18127,1.18131
EUR/USD,20170808 13:31:14.468,1.1813799999999999,1.18139
EUR/USD,20170808 13:36:15.450,1.18115,1.18118
EUR/USD,20170808 13:41:15.514,1.18125,1.18129
EUR/USD,20170808 13:46:15.700,1.18082,1.18085
EUR/USD,20170808 13:51:16.212,1.1808299999999998,1.18086
EUR/USD,20170808 13:56:18.636,1.1808,1.1808299999999998
EUR/USD,20170808 14:01:18.981,1.18113,1.18113
EUR/USD,20170808 14:06:19.368,1.17934,1.17937
EUR/USD,20170808 14:11:20.010,1.1790100000000001,1.17903
EUR/USD,20170808 14:16:20.345,1.17816,1.1782
EUR/USD,20170808 14:21:20.495,1.1769,1.1769399999999999
EUR/USD,20170808 14:26:20.907,1.17598,1.17601
EUR/USD,20170808 14:31:20.994,1.17517,1.17518
EUR/USD,20170808 14:36:22.080,1.17524,1.17525
EUR/USD,20170808 14:41:22.107,1.17479,1.17482
EUR/USD,20170808 14:46:22.638,1.17431,1.1743299999999999
EUR/USD,20170808 14:51:22.766,1.17431,1.17435
EUR/USD,20170808 14:56:22.831,1.1740700000000002,1.1741
EUR/USD,20170808 15:01:23.916,1.17364,1.17365
EUR/USD,20170808 15:06:24.090,1.17456,1.17459
EUR/USD,20170808 15:11:24.143,1.1750200000000002,1.1750399999999999
EUR/USD,20170808 15:16:24.411,1.1745700000000001,1.17459
EUR/USD,20170808 15:21:24.421,1.17432,1.17434
EUR/USD,20170808 15:26:24.582,1.17387,1.1738899999999999
EUR/USD,20170808 15:31:24.750,1.1738899999999999,1.17391
EUR/USD,20170808 15:36:25.015,1.17393,1.1739600000000001
EUR/USD,20170808 15:41:25.725,1.17426,1.17428
EUR/USD,20170808 15:46:25.828,1.17413,1.17416
EUR/USD,20170808 15:51:27.908,1.17411,1.17413
EUR/USD,20170808 15:56:32.308,1.17335,1.17337
EUR/USD,20170808 16:01:32.321,1.1721700000000002,1.1722
EUR/USD,20170808 16:06:36.185,1.17301,1.17306
EUR/USD,20170808 16:11:37.890,1.1730399999999999,1.17307
EUR/USD,20170808 16:16:38.283,1.17305,1.17308
EUR/USD,20170808 16:21:38.943,1.1732799999999999,1.17331
EUR/USD,20170808 16:26:39.295,1.17422,1.17426
EUR/USD,20170808 16:31:41.456,1.1742,1.1742299999999999
EUR/USD,20170808 16:36:42.021,1.17424,1.17426
EUR/USD,20170808 16:41:42.316,1.17402,1.17404
EUR/USD,20170808 16:46:43.069,1.1745700000000001,1.17461
EUR/USD,20170808 16:51:43.114,1.17406,1.17408
EUR/USD,20170808 16:56:43.848,1.1747299999999998,1.17476
EUR/USD,20170808 17:01:44.407,1.17523,1.17527
EUR/USD,20170808 17:06:45.309,1.17631,1.17635
EUR/USD,20170808 17:11:46.696,1.17585,1.17587
EUR/USD,20170808 17:16:46.914,1.1756799999999998,1.17571
EUR/USD,20170808 17:21:47.249,1.17572,1.17574
EUR/USD,20170808 17:26:54.829,1.17571,1.17575
EUR/USD,20170808 17:31:54.847,1.1762,1.17621
EUR/USD,20170808 17:36:54.917,1.17651,1.1765299999999999
EUR/USD,20170808 17:41:54.932,1.1759899999999999,1.17601
EUR/USD,20170808 17:46:55.325,1.1760700000000002,1.1761
EUR/USD,20170808 17:51:57.783,1.17601,1.17605
EUR/USD,20170808 17:56:58.484,1.17629,1.17632
EUR/USD,20170808 18:01:58.512,1.17592,1.17593
EUR/USD,20170808 18:07:04.793,1.1760700000000002,1.1761
EUR/USD,20170808 18:12:10.099,1.17556,1.17559
EUR/USD,20170808 18:17:11.051,1.1759700000000002,1.1759899999999999
EUR/USD,20170808 18:22:11.668,1.17581,1.17582
EUR/USD,20170808 18:27:15.167,1.1754200000000001,1.1754799999999999
EUR/USD,20170808 18:32:19.878,1.17541,1.17543
EUR/USD,20170808 18:37:24.047,1.17574,1.17577
EUR/USD,20170808 18:42:24.065,1.17561,1.17565
EUR/USD,20170808 18:47:28.928,1.17559,1.17566
EUR/USD,20170808 18:52:29.046,1.1756,1.17563
EUR/USD,20170808 18:57:32.920,1.1753,1.1753200000000001
EUR/USD,20170808 19:02:33.310,1.17496,1.17499
EUR/USD,20170808 19:07:33.343,1.17521,1.17523
EUR/USD,20170808 19:12:33.514,1.17513,1.17516
EUR/USD,20170808 19:17:33.850,1.17499,1.1750399999999999
EUR/USD,20170808 19:22:35.197,1.17431,1.17434
EUR/USD,20170808 19:27:36.208,1.17419,1.1742
EUR/USD,20170808 19:32:36.256,1.1744700000000001,1.17448
EUR/USD,20170808 19:37:42.046,1.1747,1.1747299999999998
EUR/USD,20170808 19:42:42.079,1.17475,1.17478
EUR/USD,20170808 19:47:42.307,1.17477,1.1748
EUR/USD,20170808 19:52:42.406,1.17496,1.175
EUR/USD,20170808 19:57:43.185,1.1749,1.1749100000000001
EUR/USD,20170808 20:02:48.770,1.17505,1.1751
EUR/USD,20170808 20:07:50.397,1.17496,1.17496
EUR/USD,20170808 20:12:52.830,1.1751,1.17517
EUR/USD,20170808 20:17:57.873,1.17505,1.1751
EUR/USD,20170808 20:23:04.881,1.17501,1.17505
EUR/USD,20170808 20:28:05.868,1.1748,1.1748399999999999
EUR/USD,20170808 20:33:06.113,1.17479,1.17482
EUR/USD,20170808 20:38:06.358,1.17475,1.17478
EUR/USD,20170808 20:43:06.616,1.17505,1.17511
EUR/USD,20170808 20:48:06.665,1.17587,1.17592
EUR/USD,20170808 20:53:07.809,1.17536,1.1754200000000001
EUR/USD,20170808 20:58:16.150,1.17537,1.17541
EUR/USD,20170808 21:03:18.184,1.17477,1.17535
EUR/USD,20170808 21:08:19.091,1.17517,1.1753
EUR/USD,20170808 21:13:23.075,1.17513,1.1752
EUR/USD,20170808 21:18:26.982,1.17509,1.1752200000000002
EUR/USD,20170808 21:23:29.302,1.17527,1.17551
EUR/USD,20170808 21:28:30.505,1.17505,1.17534
EUR/USD,20170808 21:33:32.126,1.17511,1.17526
EUR/USD,20170808 21:38:38.135,1.17495,1.1751200000000002
EUR/USD,20170808 21:43:39.438,1.1748299999999998,1.17508
EUR/USD,20170808 21:48:42.046,1.17487,1.17497
EUR/USD,20170808 21:53:47.173,1.17467,1.17477
EUR/USD,20170808 21:58:50.264,1.17486,1.17493
EUR/USD,20170808 22:03:50.548,1.17485,1.1749
EUR/USD,20170808 22:08:51.878,1.1745700000000001,1.17462
EUR/USD,20170808 22:13:53.838,1.17489,1.17495
EUR/USD,20170808 22:18:53.899,1.1750399999999999,1.1751200000000002
EUR/USD,20170808 22:23:54.727,1.17493,1.17498
EUR/USD,20170808 22:28:56.909,1.1752799999999999,1.17535
EUR/USD,20170808 22:33:56.966,1.1754200000000001,1.17547
EUR/USD,20170808 22:38:58.266,1.17574,1.1758
EUR/USD,20170808 22:44:04.163,1.17566,1.1757799999999998
EUR/USD,20170808 22:49:07.339,1.17585,1.17591
EUR/USD,20170808 22:54:08.354,1.17613,1.17616
EUR/USD,20170808 22:59:10.932,1.1759,1.1759700000000002
EUR/USD,20170808 23:04:15.782,1.17622,1.17628
EUR/USD,20170808 23:09:17.615,1.17616,1.1762
EUR/USD,20170808 23:14:20.449,1.1761700000000002,1.1762299999999999
EUR/USD,20170808 23:19:24.403,1.17636,1.17641
EUR/USD,20170808 23:24:24.870,1.1762700000000001,1.1763
EUR/USD,20170808 23:29:30.520,1.17611,1.17616
EUR/USD,20170808 23:34:35.078,1.17602,1.17606
EUR/USD,20170808 23:39:36.384,1.17591,1.1759700000000002
EUR/USD,20170808 23:44:37.980,1.1761,1.17611
EUR/USD,20170808 23:49:39.492,1.17591,1.17595
EUR/USD,20170808 23:54:40.693,1.17554,1.17559
EUR/USD,20170808 23:59:41.579,1.1754200000000001,1.17545
EUR/USD,20170809 00:04:41.755,1.17529,1.17533
EUR/USD,20170809 00:09:44.347,1.17544,1.17551
EUR/USD,20170809 00:14:45.154,1.17462,1.17465
EUR/USD,20170809 00:19:48.746,1.17442,1.17444
EUR/USD,20170809 00:24:48.776,1.17479,1.1748100000000001
EUR/USD,20170809 00:29:50.591,1.17474,1.17478
EUR/USD,20170809 00:34:50.948,1.17418,1.17421
EUR/USD,20170809 00:39:58.776,1.1736799999999998,1.17372
EUR/USD,20170809 00:44:59.147,1.17377,1.1738
EUR/USD,20170809 00:50:02.905,1.1739600000000001,1.1740000000000002
EUR/USD,20170809 00:55:02.916,1.17415,1.17418
EUR/USD,20170809 01:00:03.859,1.1744,1.17442
EUR/USD,20170809 01:05:07.314,1.17434,1.17434
EUR/USD,20170809 01:10:14.101,1.17461,1.17465
EUR/USD,20170809 01:15:19.331,1.1749100000000001,1.17495
EUR/USD,20170809 01:20:20.054,1.17455,1.1746
EUR/USD,20170809 01:25:21.288,1.1746,1.1746299999999998
EUR/USD,20170809 01:30:21.800,1.17465,1.17468
EUR/USD,20170809 01:35:26.899,1.17451,1.17452
EUR/USD,20170809 01:40:27.415,1.1739600000000001,1.1740000000000002
EUR/USD,20170809 01:45:31.315,1.1738,1.17382
EUR/USD,20170809 01:50:31.371,1.1732799999999999,1.1732799999999999
EUR/USD,20170809 01:55:32.352,1.1736799999999998,1.17372
EUR/USD,20170809 02:00:34.567,1.17385,1.17387
EUR/USD,20170809 02:05:35.848,1.17373,1.17375
EUR/USD,20170809 02:10:37.506,1.1728,1.1728
EUR/USD,20170809 02:15:39.947,1.17246,1.17248
EUR/USD,20170809 02:20:43.527,1.17266,1.17269
EUR/USD,20170809 02:25:45.793,1.1728100000000001,1.1728399999999999
EUR/USD,20170809 02:30:45.903,1.17244,1.17245
EUR/USD,20170809 02:35:51.019,1.17258,1.17258
EUR/USD,20170809 02:40:51.124,1.1731200000000002,1.17316
EUR/USD,20170809 02:45:52.738,1.17321,1.17325
EUR/USD,20170809 02:50:52.790,1.1734,1.17346
EUR/USD,20170809 02:55:53.472,1.17347,1.17351
EUR/USD,20170809 03:00:54.011,1.17341,1.17344
EUR/USD,20170809 03:05:54.856,1.17318,1.1732200000000002
EUR/USD,20170809 03:10:59.429,1.17337,1.17341
EUR/USD,20170809 03:15:59.791,1.1732,1.17325
EUR/USD,20170809 03:21:00.508,1.1731200000000002,1.17316
EUR/USD,20170809 03:26:01.376,1.17303,1.17306
EUR/USD,20170809 03:31:02.927,1.17298,1.17301
EUR/USD,20170809 03:36:04.536,1.17336,1.1733799999999999
EUR/USD,20170809 03:41:06.422,1.17321,1.17324
EUR/USD,20170809 03:46:07.714,1.17331,1.17335
EUR/USD,20170809 03:51:11.186,1.17314,1.17317
EUR/USD,20170809 03:56:11.313,1.17318,1.1732200000000002
EUR/USD,20170809 04:01:16.227,1.1733799999999999,1.17341
EUR/USD,20170809 04:06:23.616,1.17349,1.17353
EUR/USD,20170809 04:11:24.981,1.17339,1.17344
EUR/USD,20170809 04:16:28.861,1.17366,1.1737
EUR/USD,20170809 04:21:32.051,1.17361,1.17366
EUR/USD,20170809 04:26:42.454,1.17373,1.1737799999999998
EUR/USD,20170809 04:31:44.885,1.1737,1.17373
EUR/USD,20170809 04:36:50.825,1.17384,1.17388
EUR/USD,20170809 04:41:52.609,1.17372,1.17377
EUR/USD,20170809 04:46:54.727,1.1735200000000001,1.17356
EUR/USD,20170809 04:51:58.161,1.17364,1.1736799999999998
EUR/USD,20170809 04:57:00.318,1.1737600000000001,1.17379
EUR/USD,20170809 05:02:01.635,1.17384,1.17387
EUR/USD,20170809 05:07:03.072,1.17382,1.17387
EUR/USD,20170809 05:12:03.753,1.1739,1.17392
EUR/USD,20170809 05:17:04.325,1.17373,1.17374
EUR/USD,20170809 05:22:04.573,1.17381,1.17385
EUR/USD,20170809 05:27:04.837,1.1739,1.17393
EUR/USD,20170809 05:32:04.922,1.17441,1.17444
EUR/USD,20170809 05:37:11.001,1.17421,1.17426
EUR/USD,20170809 05:42:13.157,1.17405,1.1740899999999999
EUR/USD,20170809 05:47:13.366,1.1739600000000001,1.1740000000000002
EUR/USD,20170809 05:52:15.119,1.17371,1.17377
EUR/USD,20170809 05:57:16.616,1.17413,1.17416
EUR/USD,20170809 06:02:19.461,1.1741,1.17413
EUR/USD,20170809 06:07:22.777,1.17382,1.17385
EUR/USD,20170809 06:12:22.808,1.1743,1.1743299999999999
EUR/USD,20170809 06:17:22.970,1.1748,1.17482
EUR/USD,20170809 06:22:23.731,1.17478,1.1748100000000001
EUR/USD,20170809 06:27:26.562,1.17507,1.1751
EUR/USD,20170809 06:32:29.347,1.17426,1.17428
EUR/USD,20170809 06:37:29.606,1.1741700000000002,1.17418
EUR/USD,20170809 06:42:29.811,1.17418,1.17421
EUR/USD,20170809 06:47:31.004,1.1737799999999998,1.17379
EUR/USD,20170809 06:52:31.974,1.1743700000000001,1.1744299999999999
EUR/USD,20170809 06:57:33.501,1.1744299999999999,1.17446
EUR/USD,20170809 07:02:34.079,1.17509,1.1751
EUR/USD,20170809 07:07:34.119,1.17563,1.17565
EUR/USD,20170809 07:12:34.127,1.17557,1.1756
EUR/USD,20170809 07:17:34.809,1.17507,1.1751
EUR/USD,20170809 07:22:35.342,1.17529,1.17531
EUR/USD,20170809 07:27:35.611,1.17516,1.1752
EUR/USD,20170809 07:32:36.599,1.17537,1.17539
EUR/USD,20170809 07:37:38.932,1.17544,1.1754799999999999
EUR/USD,20170809 07:42:38.968,1.17567,1.17569
EUR/USD,20170809 07:47:39.016,1.1752799999999999,1.17531
EUR/USD,20170809 07:52:39.092,1.17452,1.1745299999999999
EUR/USD,20170809 07:57:40.007,1.17394,1.1739700000000002
EUR/USD,20170809 08:02:40.879,1.1742299999999999,1.17425
EUR/USD,20170809 08:07:41.926,1.1734,1.17343
EUR/USD,20170809 08:12:44.192,1.1735200000000001,1.1735200000000001
EUR/USD,20170809 08:17:44.449,1.17327,1.17329
EUR/USD,20170809 08:22:44.543,1.1727299999999998,1.17274
EUR/USD,20170809 08:27:44.606,1.17295,1.17297
EUR/USD,20170809 08:32:45.095,1.17299,1.17303
EUR/USD,20170809 08:37:45.922,1.17241,1.17241
EUR/USD,20170809 08:42:46.634,1.1726299999999998,1.17264
EUR/USD,20170809 08:47:48.250,1.17268,1.1727100000000001
EUR/USD,20170809 08:52:49.005,1.1729399999999999,1.17297
EUR/USD,20170809 08:57:49.547,1.17292,1.17295
EUR/USD,20170809 09:02:49.781,1.17323,1.17325
EUR/USD,20170809 09:07:49.870,1.17361,1.17362
EUR/USD,20170809 09:12:52.723,1.17336,1.17337
EUR/USD,20170809 09:17:52.958,1.17341,1.17343
EUR/USD,20170809 09:22:52.971,1.17326,1.1732799999999999
EUR/USD,20170809 09:27:57.210,1.1735200000000001,1.17354
EUR/USD,20170809 09:32:58.202,1.17487,1.17488
EUR/USD,20170809 09:38:01.898,1.17466,1.1747
EUR/USD,20170809 09:43:02.574,1.1748299999999998,1.17485
EUR/USD,20170809 09:48:06.297,1.17476,1.17477
EUR/USD,20170809 09:53:06.396,1.17422,1.17425
EUR/USD,20170809 09:58:08.974,1.17422,1.17424
EUR/USD,20170809 10:03:10.623,1.1741,1.17412
EUR/USD,20170809 10:08:10.824,1.17436,1.17438
EUR/USD,20170809 10:13:12.715,1.17446,1.1745
EUR/USD,20170809 10:18:13.123,1.17478,1.1748
EUR/USD,20170809 10:23:13.225,1.17455,1.17456
EUR/USD,20170809 10:28:13.573,1.17429,1.1743299999999999
EUR/USD,20170809 10:33:19.314,1.17435,1.1743700000000001
EUR/USD,20170809 10:38:20.473,1.17451,1.1745299999999999
EUR/USD,20170809 10:43:23.510,1.17445,1.17446
EUR/USD,20170809 10:48:23.530,1.17469,1.1747
EUR/USD,20170809 10:53:24.589,1.1739600000000001,1.1740000000000002
EUR/USD,20170809 10:58:24.761,1.1734,1.1734200000000001
EUR/USD,20170809 11:03:26.381,1.1737,1.17374
EUR/USD,20170809 11:08:29.960,1.17343,1.17343
EUR/USD,20170809 11:13:35.219,1.17373,1.17375
EUR/USD,20170809 11:18:36.103,1.17369,1.17372
EUR/USD,20170809 11:23:36.496,1.17353,1.17355
EUR/USD,20170809 11:28:37.327,1.17355,1.17359
EUR/USD,20170809 11:33:37.626,1.17381,1.17384
EUR/USD,20170809 11:38:38.988,1.1740000000000002,1.17402
EUR/USD,20170809 11:43:39.516,1.1737,1.17373
EUR/USD,20170809 11:48:44.568,1.1734799999999999,1.1735200000000001
EUR/USD,20170809 11:53:45.181,1.1738899999999999,1.17392
EUR/USD,20170809 11:58:45.495,1.17363,1.17365
EUR/USD,20170809 12:03:47.096,1.1736799999999998,1.17369
EUR/USD,20170809 12:08:47.799,1.17362,1.17364
EUR/USD,20170809 12:13:50.155,1.17295,1.17296
EUR/USD,20170809 12:18:50.161,1.17272,1.17275
EUR/USD,20170809 12:23:50.242,1.1737,1.17374
EUR/USD,20170809 12:28:51.520,1.1742700000000001,1.17429
EUR/USD,20170809 12:33:51.723,1.1738600000000001,1.1739
EUR/USD,20170809 12:38:51.948,1.17353,1.17355
EUR/USD,20170809 12:43:51.992,1.1741,1.1741
EUR/USD,20170809 12:48:53.095,1.1742700000000001,1.1743
EUR/USD,20170809 12:53:54.922,1.1741,1.17412
EUR/USD,20170809 12:58:54.941,1.17461,1.17464
EUR/USD,20170809 13:03:58.922,1.17441,1.17445
EUR/USD,20170809 13:08:59.255,1.17395,1.1739700000000002
EUR/USD,20170809 13:13:59.307,1.1713799999999999,1.1714
EUR/USD,20170809 13:18:59.679,1.1690399999999999,1.16908
EUR/USD,20170809 13:24:00.231,1.17045,1.17048
EUR/USD,20170809 13:29:00.495,1.1708399999999999,1.17087
EUR/USD,20170809 13:34:00.584,1.17004,1.17008
EUR/USD,20170809 13:39:00.739,1.17131,1.17134
EUR/USD,20170809 13:44:01.012,1.1714,1.17144
EUR/USD,20170809 13:49:02.804,1.17145,1.17149
EUR/USD,20170809 13:54:02.816,1.17185,1.1718899999999999
EUR/USD,20170809 13:59:02.874,1.17121,1.17123
EUR/USD,20170809 14:04:03.688,1.17156,1.17159
EUR/USD,20170809 14:09:04.041,1.17157,1.1715799999999998
EUR/USD,20170809 14:14:04.519,1.17175,1.17177
EUR/USD,20170809 14:19:04.969,1.17369,1.17373
EUR/USD,20170809 14:24:05.129,1.17324,1.1732799999999999
EUR/USD,20170809 14:29:05.411,1.1734,1.17341
EUR/USD,20170809 14:34:06.554,1.17365,1.17366
EUR/USD,20170809 14:39:06.593,1.1732,1.1732200000000002
EUR/USD,20170809 14:44:06.803,1.17351,1.1735200000000001
EUR/USD,20170809 14:49:06.847,1.17456,1.1745700000000001
EUR/USD,20170809 14:54:08.023,1.17421,1.17424
EUR/USD,20170809 14:59:08.078,1.17426,1.17429
EUR/USD,20170809 15:04:12.086,1.1738899999999999,1.17391
EUR/USD,20170809 15:09:12.928,1.17373,1.17375
EUR/USD,20170809 15:14:13.551,1.17333,1.17336
EUR/USD,20170809 15:19:13.731,1.17317,1.17319
EUR/USD,20170809 15:24:17.393,1.17349,1.1735200000000001
EUR/USD,20170809 15:29:19.070,1.17392,1.1739600000000001
EUR/USD,20170809 15:34:21.716,1.17435,1.1743700000000001
EUR/USD,20170809 15:39:22.474,1.17418,1.17422
EUR/USD,20170809 15:44:23.911,1.17442,1.17445
EUR/USD,20170809 15:49:26.434,1.17418,1.17419
EUR/USD,20170809 15:54:28.553,1.17459,1.17459
EUR/USD,20170809 15:59:29.634,1.1748,1.1748299999999998
EUR/USD,20170809 16:04:31.098,1.1748,1.17482
EUR/USD,20170809 16:09:31.416,1.17422,1.1742299999999999
EUR/USD,20170809 16:14:36.075,1.17428,1.1743
EUR/USD,20170809 16:19:37.781,1.17392,1.17393
EUR/USD,20170809 16:24:38.421,1.17379,1.1738
EUR/USD,20170809 16:29:38.554,1.1739,1.17391
EUR/USD,20170809 16:34:39.497,1.17403,1.1740700000000002
EUR/USD,20170809 16:39:39.755,1.1743700000000001,1.17441
EUR/USD,20170809 16:44:47.444,1.1743,1.17435
EUR/USD,20170809 16:49:49.266,1.17416,1.17419
EUR/USD,20170809 16:54:52.225,1.17429,1.17431
EUR/USD,20170809 16:59:54.915,1.17446,1.17449
EUR/USD,20170809 17:04:55.430,1.17434,1.17436
EUR/USD,20170809 17:09:56.523,1.17414,1.17418
EUR/USD,20170809 17:14:56.681,1.17465,1.17466
EUR/USD,20170809 17:19:56.796,1.1745700000000001,1.1746
EUR/USD,20170809 17:24:58.356,1.1748299999999998,1.17485
EUR/USD,20170809 17:30:00.274,1.1753,1.1753200000000001
EUR/USD,20170809 17:35:01.534,1.17555,1.17557
EUR/USD,20170809 17:40:02.043,1.17575,1.1757799999999998
EUR/USD,20170809 17:45:06.223,1.17516,1.17518
EUR/USD,20170809 17:50:09.563,1.17531,1.17534
EUR/USD,20170809 17:55:10.216,1.17533,1.17536
EUR/USD,20170809 18:00:11.471,1.17521,1.17524
EUR/USD,20170809 18:05:11.957,1.17531,1.17534
EUR/USD,20170809 18:10:13.351,1.17524,1.1752799999999999
EUR/USD,20170809 18:15:13.915,1.17555,1.1756
EUR/USD,20170809 18:20:14.134,1.17566,1.1757
EUR/USD,20170809 18:25:15.998,1.17541,1.1754200000000001
EUR/USD,20170809 18:30:20.573,1.1755200000000001,1.17556
EUR/USD,20170809 18:35:21.844,1.17571,1.1757600000000001
EUR/USD,20170809 18:40:21.859,1.1758,1.17584
EUR/USD,20170809 18:45:21.979,1.17587,1.1759
EUR/USD,20170809 18:50:21.987,1.1757,1.17573
EUR/USD,20170809 18:55:23.842,1.17523,1.17526
EUR/USD,20170809 19:00:24.850,1.17508,1.17511
EUR/USD,20170809 19:05:25.711,1.17518,1.1752
EUR/USD,20170809 19:10:29.273,1.17518,1.17519
EUR/USD,20170809 19:15:30.721,1.1751200000000002,1.17516
EUR/USD,20170809 19:20:33.569,1.1750399999999999,1.17507
EUR/USD,20170809 19:25:34.773,1.17507,1.1751
EUR/USD,20170809 19:30:35.457,1.17511,1.17517
EUR/USD,20170809 19:35:35.579,1.17498,1.17501
EUR/USD,20170809 19:40:37.105,1.17527,1.17533
EUR/USD,20170809 19:45:37.485,1.17545,1.17545
EUR/USD,20170809 19:50:37.744,1.1755200000000001,1.17555
EUR/USD,20170809 19:55:41.498,1.1754,1.17541
EUR/USD,20170809 20:00:44.641,1.17546,1.17549
EUR/USD,20170809 20:05:44.867,1.17566,1.17571
EUR/USD,20170809 20:10:47.796,1.17545,1.17549
EUR/USD,20170809 20:15:47.867,1.17584,1.1758600000000001
EUR/USD,20170809 20:20:51.425,1.17584,1.17588
EUR/USD,20170809 20:25:54.564,1.17584,1.17592
EUR/USD,20170809 20:30:55.669,1.17579,1.1758600000000001
EUR/USD,20170809 20:35:59.585,1.17545,1.17555
EUR/USD,20170809 20:41:00.040,1.1757799999999998,1.17582
EUR/USD,20170809 20:46:04.190,1.1756799999999998,1.1757600000000001
EUR/USD,20170809 20:51:04.846,1.17587,1.17594
EUR/USD,20170809 20:56:13.520,1.17594,1.17598
EUR/USD,20170809 21:01:18.339,1.17566,1.17583
EUR/USD,20170809 21:06:18.502,1.17573,1.1759
EUR/USD,20170809 21:11:18.611,1.17577,1.1758600000000001
EUR/USD,20170809 21:16:19.300,1.1758600000000001,1.17592
EUR/USD,20170809 21:21:19.317,1.17584,1.17594
EUR/USD,20170809 21:26:20.521,1.17591,1.17606
EUR/USD,20170809 21:31:24.864,1.17594,1.17601
EUR/USD,20170809 21:36:25.337,1.17591,1.176
EUR/USD,20170809 21:41:32.159,1.1758899999999999,1.17592
EUR/USD,20170809 21:46:32.754,1.1759,1.17594
EUR/USD,20170809 21:51:32.879,1.1759600000000001,1.17603
EUR/USD,20170809 21:56:32.882,1.1759600000000001,1.1759899999999999
EUR/USD,20170809 22:01:32.968,1.17594,1.17601
EUR/USD,20170809 22:06:38.280,1.1760899999999999,1.17615
EUR/USD,20170809 22:11:41.961,1.17611,1.17618
EUR/USD,20170809 22:16:49.283,1.17612,1.17621
EUR/USD,20170809 22:21:50.363,1.17602,1.1761
EUR/USD,20170809 22:26:52.328,1.17621,1.17628
EUR/USD,20170809 22:31:55.607,1.17672,1.17677
EUR/USD,20170809 22:37:01.076,1.17659,1.17666
EUR/USD,20170809 22:42:11.886,1.1764,1.17648
EUR/USD,20170809 22:47:13.140,1.17632,1.1764
EUR/USD,20170809 22:52:13.323,1.17624,1.17631
EUR/USD,20170809 22:57:21.714,1.17631,1.17636
EUR/USD,20170809 23:02:25.251,1.17604,1.1761
EUR/USD,20170809 23:07:29.931,1.17594,1.1759899999999999
EUR/USD,20170809 23:12:33.292,1.17593,1.17598
EUR/USD,20170809 23:17:33.781,1.17603,1.17608
EUR/USD,20170809 23:22:34.376,1.17583,1.1759
