EUR/USD,20180801 00:00:00.148,1.1689,1.1689200000000002
EUR/USD,20180801 00:05:01.831,1.16897,1.16899
EUR/USD,20180801 00:10:03.971,1.16916,1.1692
EUR/USD,20180801 00:15:06.110,1.16898,1.16901
EUR/USD,20180801 00:20:07.813,1.16909,1.16911
EUR/USD,20180801 00:25:08.462,1.16913,1.16917
EUR/USD,20180801 00:30:11.713,1.1690399999999999,1.16905
EUR/USD,20180801 00:35:14.503,1.1691200000000002,1.16916
EUR/USD,20180801 00:40:15.429,1.16906,1.1691
EUR/USD,20180801 00:45:15.858,1.16895,1.16901
EUR/USD,20180801 00:50:18.985,1.16896,1.16901
EUR/USD,20180801 00:55:24.513,1.16895,1.1690200000000002
EUR/USD,20180801 01:00:24.658,1.16896,1.169
EUR/USD,20180801 01:05:24.723,1.16861,1.16865
EUR/USD,20180801 01:10:26.172,1.1687299999999998,1.1688100000000001
EUR/USD,20180801 01:15:30.740,1.1688,1.1688399999999999
EUR/USD,20180801 01:20:35.036,1.16856,1.1686
EUR/USD,20180801 01:25:36.544,1.16845,1.16852
EUR/USD,20180801 01:30:37.488,1.1684,1.16848
EUR/USD,20180801 01:35:38.702,1.1684,1.16845
EUR/USD,20180801 01:40:45.128,1.16855,1.16859
EUR/USD,20180801 01:45:45.224,1.16878,1.16882
EUR/USD,20180801 01:50:47.445,1.16864,1.16867
EUR/USD,20180801 01:55:48.163,1.1688100000000001,1.1688399999999999
EUR/USD,20180801 02:00:48.166,1.1689399999999999,1.16896
EUR/USD,20180801 02:05:50.498,1.1689200000000002,1.16896
EUR/USD,20180801 02:10:51.755,1.16872,1.16875
EUR/USD,20180801 02:15:53.156,1.16865,1.16869
EUR/USD,20180801 02:20:56.133,1.16834,1.16838
EUR/USD,20180801 02:25:57.977,1.16826,1.16829
EUR/USD,20180801 02:31:02.262,1.16851,1.16854
EUR/USD,20180801 02:36:02.431,1.1684299999999999,1.16848
EUR/USD,20180801 02:41:02.600,1.16841,1.1684299999999999
EUR/USD,20180801 02:46:04.325,1.1683299999999999,1.1683700000000001
EUR/USD,20180801 02:51:07.192,1.16845,1.16849
EUR/USD,20180801 02:56:09.225,1.16844,1.16846
EUR/USD,20180801 03:01:12.755,1.16855,1.16859
EUR/USD,20180801 03:06:15.231,1.16866,1.1687
EUR/USD,20180801 03:11:21.127,1.16866,1.1687
EUR/USD,20180801 03:16:22.663,1.16852,1.16855
EUR/USD,20180801 03:21:31.276,1.16849,1.16855
EUR/USD,20180801 03:26:32.539,1.16851,1.1685299999999998
EUR/USD,20180801 03:31:46.214,1.16832,1.16836
EUR/USD,20180801 03:36:47.210,1.16826,1.1683
EUR/USD,20180801 03:41:52.210,1.1683,1.16835
EUR/USD,20180801 03:47:00.105,1.16816,1.1682
EUR/USD,20180801 03:52:00.176,1.1681700000000002,1.1682
EUR/USD,20180801 03:57:05.479,1.16819,1.16821
EUR/USD,20180801 04:02:07.455,1.16816,1.1682
EUR/USD,20180801 04:07:13.205,1.16815,1.16819
EUR/USD,20180801 04:12:22.185,1.1682,1.16825
EUR/USD,20180801 04:17:28.128,1.16825,1.16831
EUR/USD,20180801 04:22:33.470,1.16801,1.16804
EUR/USD,20180801 04:27:33.827,1.16795,1.16796
EUR/USD,20180801 04:32:34.402,1.16775,1.1677799999999998
EUR/USD,20180801 04:37:37.105,1.1676600000000001,1.1676799999999998
EUR/USD,20180801 04:42:44.799,1.16769,1.1677
EUR/USD,20180801 04:47:50.047,1.16781,1.16785
EUR/USD,20180801 04:52:57.610,1.16771,1.16774
EUR/USD,20180801 04:57:58.762,1.16771,1.16774
EUR/USD,20180801 05:02:58.891,1.1678600000000001,1.1678899999999999
EUR/USD,20180801 05:08:00.850,1.16801,1.1680700000000002
EUR/USD,20180801 05:13:04.564,1.1678,1.16784
EUR/USD,20180801 05:18:07.240,1.16772,1.16777
EUR/USD,20180801 05:23:12.135,1.16805,1.16808
EUR/USD,20180801 05:28:12.787,1.16812,1.16816
EUR/USD,20180801 05:33:22.807,1.1678600000000001,1.16788
EUR/USD,20180801 05:38:27.079,1.16783,1.16788
EUR/USD,20180801 05:43:28.365,1.1679899999999999,1.16802
EUR/USD,20180801 05:48:36.925,1.16774,1.1677799999999998
EUR/USD,20180801 05:53:41.569,1.16775,1.1677799999999998
EUR/USD,20180801 05:58:42.487,1.16792,1.16796
EUR/USD,20180801 06:03:43.396,1.1680700000000002,1.1681
EUR/USD,20180801 06:08:44.279,1.16782,1.1678600000000001
EUR/USD,20180801 06:13:44.912,1.1677899999999999,1.16783
EUR/USD,20180801 06:18:45.813,1.1677899999999999,1.16782
EUR/USD,20180801 06:23:46.822,1.16806,1.16812
EUR/USD,20180801 06:28:47.186,1.16767,1.16772
EUR/USD,20180801 06:33:50.756,1.16784,1.16787
EUR/USD,20180801 06:38:50.791,1.1676799999999998,1.1677
EUR/USD,20180801 06:43:50.800,1.1676600000000001,1.1676799999999998
EUR/USD,20180801 06:48:51.626,1.1680700000000002,1.1681
EUR/USD,20180801 06:53:54.744,1.16841,1.16844
EUR/USD,20180801 06:58:56.081,1.1681700000000002,1.1682
EUR/USD,20180801 07:03:57.832,1.16812,1.16812
EUR/USD,20180801 07:09:00.253,1.16811,1.16814
EUR/USD,20180801 07:14:00.539,1.16867,1.16869
EUR/USD,20180801 07:19:00.744,1.1689,1.1689100000000001
EUR/USD,20180801 07:24:00.913,1.1690200000000002,1.1690399999999999
EUR/USD,20180801 07:29:00.970,1.16889,1.1689200000000002
EUR/USD,20180801 07:34:04.691,1.1689100000000001,1.1689399999999999
EUR/USD,20180801 07:39:04.701,1.16923,1.16927
EUR/USD,20180801 07:44:05.497,1.1692200000000001,1.16927
EUR/USD,20180801 07:49:12.366,1.16897,1.16901
EUR/USD,20180801 07:54:13.209,1.16885,1.1689
EUR/USD,20180801 07:59:14.152,1.16877,1.16882
EUR/USD,20180801 08:04:15.622,1.1686,1.1686299999999998
EUR/USD,20180801 08:09:18.025,1.16852,1.16855
EUR/USD,20180801 08:14:28.918,1.1686,1.16865
EUR/USD,20180801 08:19:29.643,1.1683299999999999,1.16836
EUR/USD,20180801 08:24:30.418,1.16831,1.16834
EUR/USD,20180801 08:29:30.545,1.16841,1.16846
EUR/USD,20180801 08:34:31.930,1.16896,1.169
EUR/USD,20180801 08:39:32.311,1.16874,1.16877
EUR/USD,20180801 08:44:35.867,1.16851,1.16854
EUR/USD,20180801 08:49:36.146,1.16831,1.1683299999999999
EUR/USD,20180801 08:54:40.254,1.16826,1.16829
EUR/USD,20180801 08:59:47.547,1.1682,1.16824
EUR/USD,20180801 09:04:48.262,1.16822,1.16825
EUR/USD,20180801 09:09:48.307,1.1682299999999999,1.16826
EUR/USD,20180801 09:14:49.236,1.16842,1.16845
EUR/USD,20180801 09:19:49.623,1.16851,1.16855
EUR/USD,20180801 09:24:49.868,1.16836,1.16839
EUR/USD,20180801 09:29:51.431,1.16828,1.1683299999999999
EUR/USD,20180801 09:34:53.040,1.16791,1.16795
EUR/USD,20180801 09:39:53.876,1.16787,1.1679
EUR/USD,20180801 09:44:54.289,1.16798,1.16801
EUR/USD,20180801 09:49:55.090,1.16796,1.16798
EUR/USD,20180801 09:54:56.065,1.1679700000000002,1.16801
EUR/USD,20180801 09:59:56.628,1.16825,1.16828
EUR/USD,20180801 10:04:57.598,1.16822,1.16826
EUR/USD,20180801 10:09:59.504,1.16836,1.1684
EUR/USD,20180801 10:15:00.488,1.16852,1.16854
EUR/USD,20180801 10:20:02.706,1.16852,1.16855
EUR/USD,20180801 10:25:03.095,1.16849,1.16852
EUR/USD,20180801 10:30:03.883,1.16836,1.16839
EUR/USD,20180801 10:35:04.055,1.16809,1.16812
EUR/USD,20180801 10:40:07.194,1.16836,1.1684
EUR/USD,20180801 10:45:10.026,1.16821,1.16824
EUR/USD,20180801 10:50:10.915,1.16832,1.16835
EUR/USD,20180801 10:55:11.085,1.16841,1.1684299999999999
EUR/USD,20180801 11:00:11.866,1.16865,1.16865
EUR/USD,20180801 11:05:12.835,1.16834,1.16836
EUR/USD,20180801 11:10:13.924,1.16822,1.16825
EUR/USD,20180801 11:15:26.000,1.1682700000000001,1.1683
EUR/USD,20180801 11:20:29.994,1.16841,1.1684700000000001
EUR/USD,20180801 11:25:30.066,1.16845,1.16849
EUR/USD,20180801 11:30:31.109,1.16831,1.16836
EUR/USD,20180801 11:35:31.380,1.16866,1.16868
EUR/USD,20180801 11:40:36.730,1.16852,1.16857
EUR/USD,20180801 11:45:36.948,1.1684,1.16844
EUR/USD,20180801 11:50:39.527,1.1684700000000001,1.16849
EUR/USD,20180801 11:55:39.767,1.16842,1.16846
EUR/USD,20180801 12:00:40.087,1.16886,1.16889
EUR/USD,20180801 12:05:40.795,1.1687100000000001,1.16872
EUR/USD,20180801 12:10:46.991,1.16903,1.16906
EUR/USD,20180801 12:15:47.044,1.16885,1.16887
EUR/USD,20180801 12:20:49.288,1.16856,1.16859
EUR/USD,20180801 12:25:50.377,1.16905,1.16908
EUR/USD,20180801 12:30:51.572,1.16963,1.16967
EUR/USD,20180801 12:35:52.117,1.16971,1.16974
EUR/USD,20180801 12:40:58.555,1.16921,1.1692799999999999
EUR/USD,20180801 12:45:58.697,1.16923,1.16927
EUR/USD,20180801 12:50:59.033,1.1690399999999999,1.16911
EUR/USD,20180801 12:56:00.076,1.16869,1.16872
EUR/USD,20180801 13:01:00.363,1.1689100000000001,1.16895
EUR/USD,20180801 13:06:02.554,1.16906,1.16909
EUR/USD,20180801 13:11:07.781,1.16876,1.16878
EUR/USD,20180801 13:16:08.407,1.1686299999999998,1.16865
EUR/USD,20180801 13:21:08.698,1.16826,1.16828
EUR/USD,20180801 13:26:12.393,1.1682700000000001,1.1683
EUR/USD,20180801 13:31:12.641,1.1687100000000001,1.16874
EUR/USD,20180801 13:36:13.760,1.1683700000000001,1.1684
EUR/USD,20180801 13:41:13.802,1.16804,1.16805
EUR/USD,20180801 13:46:14.162,1.1679,1.16792
EUR/USD,20180801 13:51:14.570,1.16783,1.16785
EUR/USD,20180801 13:56:15.433,1.1677600000000001,1.1677899999999999
EUR/USD,20180801 14:01:15.552,1.16806,1.1681
EUR/USD,20180801 14:06:15.787,1.16851,1.16854
EUR/USD,20180801 14:11:16.398,1.1679700000000002,1.16801
EUR/USD,20180801 14:16:16.493,1.1674799999999999,1.16751
EUR/USD,20180801 14:21:16.496,1.1677799999999998,1.1678
EUR/USD,20180801 14:26:16.711,1.16792,1.16794
EUR/USD,20180801 14:31:17.368,1.16809,1.16812
EUR/USD,20180801 14:36:17.713,1.1681,1.16812
EUR/USD,20180801 14:41:18.369,1.16782,1.1678600000000001
EUR/USD,20180801 14:46:19.035,1.16854,1.16858
EUR/USD,20180801 14:51:19.896,1.1679700000000002,1.16801
EUR/USD,20180801 14:56:20.220,1.1672200000000001,1.16725
EUR/USD,20180801 15:01:20.428,1.16723,1.16725
EUR/USD,20180801 15:06:24.527,1.1674799999999999,1.1675200000000001
EUR/USD,20180801 15:11:27.109,1.16741,1.16741
EUR/USD,20180801 15:16:28.539,1.16711,1.16714
EUR/USD,20180801 15:21:28.773,1.16651,1.1665299999999998
EUR/USD,20180801 15:26:28.953,1.16668,1.16672
EUR/USD,20180801 15:31:34.171,1.1668399999999999,1.16686
EUR/USD,20180801 15:36:36.782,1.1669,1.1669200000000002
EUR/USD,20180801 15:41:44.267,1.16698,1.1670399999999999
EUR/USD,20180801 15:46:44.688,1.16695,1.16698
EUR/USD,20180801 15:51:46.809,1.1671799999999999,1.16721
EUR/USD,20180801 15:56:48.693,1.1664700000000001,1.16652
EUR/USD,20180801 16:01:48.898,1.1666,1.16664
EUR/USD,20180801 16:06:49.169,1.16614,1.16618
EUR/USD,20180801 16:11:49.726,1.1663,1.1663299999999999
EUR/USD,20180801 16:16:53.726,1.16636,1.16638
EUR/USD,20180801 16:21:55.264,1.16626,1.16628
EUR/USD,20180801 16:26:59.102,1.16625,1.1662700000000001
EUR/USD,20180801 16:32:02.462,1.16664,1.16667
EUR/USD,20180801 16:37:05.621,1.16664,1.16668
EUR/USD,20180801 16:42:06.873,1.1667,1.1667299999999998
EUR/USD,20180801 16:47:06.956,1.16659,1.1666299999999998
EUR/USD,20180801 16:52:08.680,1.1664299999999999,1.1664700000000001
EUR/USD,20180801 16:57:08.817,1.16666,1.16669
EUR/USD,20180801 17:02:08.932,1.16646,1.16649
EUR/USD,20180801 17:07:09.649,1.16619,1.16622
EUR/USD,20180801 17:12:12.079,1.16619,1.16622
EUR/USD,20180801 17:17:15.419,1.16614,1.16618
EUR/USD,20180801 17:22:18.976,1.16598,1.1659899999999999
EUR/USD,20180801 17:27:29.310,1.1662299999999999,1.16626
EUR/USD,20180801 17:32:29.815,1.16636,1.16639
EUR/USD,20180801 17:37:32.452,1.1662299999999999,1.16629
EUR/USD,20180801 17:42:33.132,1.16632,1.16634
EUR/USD,20180801 17:47:33.688,1.16631,1.16634
EUR/USD,20180801 17:52:37.866,1.16664,1.16666
EUR/USD,20180801 17:57:43.294,1.16678,1.16683
EUR/USD,20180801 18:02:45.004,1.1674200000000001,1.16747
EUR/USD,20180801 18:07:45.404,1.16708,1.16711
EUR/USD,20180801 18:12:45.541,1.16727,1.16731
EUR/USD,20180801 18:17:45.916,1.16729,1.1673200000000001
EUR/USD,20180801 18:22:46.008,1.16707,1.16711
EUR/USD,20180801 18:27:46.716,1.16708,1.16711
EUR/USD,20180801 18:32:47.425,1.16695,1.16699
EUR/USD,20180801 18:37:47.513,1.16678,1.1668100000000001
EUR/USD,20180801 18:42:48.112,1.1669,1.16693
EUR/USD,20180801 18:47:51.206,1.16734,1.16734
EUR/USD,20180801 18:52:51.343,1.16695,1.16697
EUR/USD,20180801 18:57:52.672,1.16644,1.1664700000000001
EUR/USD,20180801 19:02:54.307,1.16648,1.16651
EUR/USD,20180801 19:08:00.492,1.16626,1.16628
EUR/USD,20180801 19:13:00.524,1.16636,1.1664
EUR/USD,20180801 19:18:05.199,1.1661299999999999,1.16615
EUR/USD,20180801 19:23:10.682,1.16587,1.16588
EUR/USD,20180801 19:28:11.961,1.16631,1.16634
EUR/USD,20180801 19:33:13.801,1.16611,1.16612
EUR/USD,20180801 19:38:14.943,1.16636,1.16641
EUR/USD,20180801 19:43:16.004,1.16655,1.16659
EUR/USD,20180801 19:48:16.151,1.1661299999999999,1.1661700000000002
EUR/USD,20180801 19:53:16.415,1.16612,1.16615
EUR/USD,20180801 19:58:20.064,1.16621,1.16626
EUR/USD,20180801 20:03:27.014,1.16616,1.16619
EUR/USD,20180801 20:08:27.617,1.16618,1.1662
EUR/USD,20180801 20:13:32.486,1.16606,1.16611
EUR/USD,20180801 20:18:45.501,1.16604,1.1660700000000002
EUR/USD,20180801 20:23:45.715,1.16593,1.1659899999999999
EUR/USD,20180801 20:28:49.123,1.16598,1.16602
EUR/USD,20180801 20:33:49.575,1.1662,1.16625
EUR/USD,20180801 20:38:53.656,1.1662,1.16624
EUR/USD,20180801 20:43:55.538,1.16608,1.16612
EUR/USD,20180801 20:48:55.546,1.1662700000000001,1.16631
EUR/USD,20180801 20:53:55.639,1.16604,1.16609
EUR/USD,20180801 20:59:00.076,1.16603,1.16611
EUR/USD,20180801 21:04:30.254,1.16567,1.1662299999999999
EUR/USD,20180801 21:09:40.293,1.16603,1.1662
EUR/USD,20180801 21:15:05.530,1.16596,1.16622
EUR/USD,20180801 21:20:16.397,1.1659899999999999,1.16622
EUR/USD,20180801 21:25:39.788,1.16604,1.16619
EUR/USD,20180801 21:30:43.288,1.16605,1.16621
EUR/USD,20180801 21:36:05.987,1.16603,1.16619
EUR/USD,20180801 21:41:06.437,1.16603,1.16622
EUR/USD,20180801 21:46:06.847,1.16603,1.16621
EUR/USD,20180801 21:51:24.157,1.16603,1.16621
EUR/USD,20180801 21:56:24.227,1.16591,1.16611
EUR/USD,20180801 22:01:24.260,1.16615,1.16624
EUR/USD,20180801 22:06:27.690,1.16615,1.1662
EUR/USD,20180801 22:11:37.465,1.1661299999999999,1.16624
EUR/USD,20180801 22:16:52.296,1.16618,1.16621
EUR/USD,20180801 22:21:53.451,1.16621,1.16626
EUR/USD,20180801 22:26:57.263,1.16614,1.16618
EUR/USD,20180801 22:32:01.734,1.16619,1.16624
EUR/USD,20180801 22:37:12.699,1.1662299999999999,1.16629
EUR/USD,20180801 22:42:56.390,1.16626,1.1663299999999999
EUR/USD,20180801 22:48:01.751,1.16632,1.16635
EUR/USD,20180801 22:53:23.198,1.1663,1.16638
EUR/USD,20180801 22:58:51.730,1.16632,1.1663700000000001
EUR/USD,20180801 23:03:58.580,1.16631,1.16635
EUR/USD,20180801 23:09:03.523,1.16639,1.16642
EUR/USD,20180801 23:14:04.727,1.16631,1.16636
EUR/USD,20180801 23:19:22.729,1.16635,1.16642
EUR/USD,20180801 23:24:26.250,1.16646,1.16649
EUR/USD,20180801 23:29:29.995,1.16645,1.16649
EUR/USD,20180801 23:34:45.677,1.16652,1.16656
EUR/USD,20180801 23:39:46.102,1.1665299999999998,1.16658
EUR/USD,20180801 23:44:52.266,1.1663700000000001,1.16641
EUR/USD,20180801 23:50:15.182,1.16636,1.1664
EUR/USD,20180801 23:55:18.220,1.16636,1.16639
EUR/USD,20180802 00:00:20.425,1.16631,1.1663700000000001
EUR/USD,20180802 00:05:21.067,1.1661299999999999,1.16618
EUR/USD,20180802 00:10:22.097,1.16622,1.16624
EUR/USD,20180802 00:15:28.530,1.16628,1.1663299999999999
EUR/USD,20180802 00:20:29.690,1.16616,1.16622
EUR/USD,20180802 00:25:36.323,1.16612,1.16614
EUR/USD,20180802 00:30:37.653,1.16608,1.16612
EUR/USD,20180802 00:35:40.114,1.16622,1.16624
EUR/USD,20180802 00:41:07.673,1.16634,1.1663700000000001
EUR/USD,20180802 00:46:09.052,1.16652,1.1665299999999998
EUR/USD,20180802 00:51:09.654,1.16629,1.16632
EUR/USD,20180802 00:56:09.769,1.16614,1.16616
EUR/USD,20180802 01:01:09.983,1.16614,1.16619
EUR/USD,20180802 01:06:13.087,1.16624,1.16628
EUR/USD,20180802 01:11:24.389,1.16632,1.16635
EUR/USD,20180802 01:16:24.825,1.16649,1.1665299999999998
EUR/USD,20180802 01:21:28.231,1.16621,1.1662299999999999
EUR/USD,20180802 01:26:30.960,1.1664299999999999,1.1664700000000001
EUR/USD,20180802 01:31:34.156,1.16662,1.16668
EUR/USD,20180802 01:36:35.762,1.16656,1.16659
EUR/USD,20180802 01:41:39.725,1.16649,1.1665299999999998
EUR/USD,20180802 01:46:40.259,1.16654,1.16659
EUR/USD,20180802 01:51:40.300,1.16662,1.16666
EUR/USD,20180802 01:56:42.217,1.16649,1.16652
EUR/USD,20180802 02:01:44.816,1.16652,1.16654
EUR/USD,20180802 02:06:45.955,1.16631,1.16635
EUR/USD,20180802 02:11:49.245,1.16632,1.1663700000000001
EUR/USD,20180802 02:16:49.954,1.16628,1.16632
EUR/USD,20180802 02:21:51.331,1.1662299999999999,1.16628
EUR/USD,20180802 02:26:52.115,1.16628,1.16632
EUR/USD,20180802 02:31:52.509,1.1661,1.16612
EUR/USD,20180802 02:37:02.383,1.16612,1.1661700000000002
EUR/USD,20180802 02:42:02.896,1.16585,1.1658899999999999
EUR/USD,20180802 02:47:04.228,1.16561,1.16564
EUR/USD,20180802 02:52:09.870,1.16549,1.16553
EUR/USD,20180802 02:57:13.449,1.1655,1.16553
EUR/USD,20180802 03:02:22.353,1.1654200000000001,1.16545
EUR/USD,20180802 03:07:27.920,1.16556,1.16559
EUR/USD,20180802 03:12:28.535,1.16551,1.16554
EUR/USD,20180802 03:17:28.892,1.16546,1.16546
EUR/USD,20180802 03:22:57.753,1.16544,1.16549
EUR/USD,20180802 03:27:59.431,1.1653799999999999,1.16544
EUR/USD,20180802 03:32:59.544,1.16534,1.16537
EUR/USD,20180802 03:38:00.384,1.16533,1.16541
EUR/USD,20180802 03:43:02.689,1.1654,1.16544
EUR/USD,20180802 03:48:03.098,1.1653799999999999,1.16544
EUR/USD,20180802 03:53:05.043,1.1653,1.16534
EUR/USD,20180802 03:58:05.698,1.16513,1.16515
EUR/USD,20180802 04:03:06.154,1.1652200000000001,1.16526
EUR/USD,20180802 04:08:13.341,1.1652,1.1652200000000001
EUR/USD,20180802 04:13:21.839,1.16511,1.16514
EUR/USD,20180802 04:18:25.600,1.1651,1.16513
EUR/USD,20180802 04:23:27.248,1.16506,1.16511
EUR/USD,20180802 04:28:30.350,1.1648,1.16482
EUR/USD,20180802 04:33:33.656,1.1647299999999998,1.16477
EUR/USD,20180802 04:38:36.580,1.16482,1.16487
EUR/USD,20180802 04:43:38.988,1.16477,1.1648
EUR/USD,20180802 04:48:45.610,1.16477,1.1648
EUR/USD,20180802 04:53:50.164,1.1648100000000001,1.16487
EUR/USD,20180802 04:58:52.134,1.16469,1.16477
EUR/USD,20180802 05:03:53.497,1.16487,1.1649
EUR/USD,20180802 05:08:56.357,1.16497,1.16503
EUR/USD,20180802 05:14:02.433,1.1649,1.16497
EUR/USD,20180802 05:19:03.364,1.16487,1.1649100000000001
EUR/USD,20180802 05:24:08.711,1.1650200000000002,1.16507
EUR/USD,20180802 05:29:21.446,1.16501,1.16506
EUR/USD,20180802 05:34:21.608,1.16503,1.16508
EUR/USD,20180802 05:39:25.402,1.16465,1.16467
EUR/USD,20180802 05:44:27.566,1.16486,1.1649200000000002
EUR/USD,20180802 05:49:28.427,1.16509,1.16517
EUR/USD,20180802 05:54:29.310,1.16506,1.1651
EUR/USD,20180802 05:59:35.427,1.16498,1.16501
EUR/USD,20180802 06:04:36.548,1.16511,1.16514
EUR/USD,20180802 06:09:36.749,1.16527,1.1653200000000001
EUR/USD,20180802 06:14:36.937,1.16421,1.16425
EUR/USD,20180802 06:19:37.945,1.16415,1.16418
EUR/USD,20180802 06:24:38.218,1.16422,1.1642299999999999
EUR/USD,20180802 06:29:38.720,1.1641700000000001,1.16421
EUR/USD,20180802 06:34:41.186,1.1643299999999999,1.16438
EUR/USD,20180802 06:39:41.943,1.1642299999999999,1.1642700000000001
EUR/USD,20180802 06:44:42.204,1.16356,1.16359
EUR/USD,20180802 06:49:44.265,1.1634799999999998,1.16352
EUR/USD,20180802 06:54:45.893,1.1632,1.16323
EUR/USD,20180802 06:59:47.192,1.16309,1.1631200000000002
EUR/USD,20180802 07:04:50.069,1.16283,1.16286
EUR/USD,20180802 07:09:55.173,1.16306,1.1631
EUR/USD,20180802 07:14:55.563,1.16334,1.1633799999999999
EUR/USD,20180802 07:19:55.618,1.1629399999999999,1.16298
EUR/USD,20180802 07:25:01.458,1.16264,1.16268
EUR/USD,20180802 07:30:01.495,1.16327,1.16329
EUR/USD,20180802 07:35:03.691,1.16319,1.1632200000000001
EUR/USD,20180802 07:40:04.233,1.16355,1.1635799999999998
EUR/USD,20180802 07:45:04.709,1.16335,1.1633799999999999
EUR/USD,20180802 07:50:10.745,1.1629399999999999,1.16297
EUR/USD,20180802 07:55:11.087,1.16339,1.1634200000000001
EUR/USD,20180802 08:00:13.136,1.16331,1.16334
EUR/USD,20180802 08:05:18.710,1.16272,1.16276
EUR/USD,20180802 08:10:20.364,1.16209,1.16212
EUR/USD,20180802 08:15:21.837,1.16206,1.16208
EUR/USD,20180802 08:20:24.060,1.1621700000000001,1.1622
EUR/USD,20180802 08:25:25.026,1.16214,1.16218
EUR/USD,20180802 08:30:25.200,1.16245,1.16249
EUR/USD,20180802 08:35:27.474,1.16236,1.16238
EUR/USD,20180802 08:40:28.176,1.16258,1.16264
EUR/USD,20180802 08:45:30.316,1.16232,1.16236
EUR/USD,20180802 08:50:30.407,1.16238,1.16242
EUR/USD,20180802 08:55:31.086,1.16212,1.16216
EUR/USD,20180802 09:00:31.364,1.16202,1.16205
EUR/USD,20180802 09:05:36.055,1.16191,1.16194
EUR/USD,20180802 09:10:36.153,1.16182,1.16184
EUR/USD,20180802 09:15:38.394,1.1618899999999999,1.16192
EUR/USD,20180802 09:20:38.974,1.1619,1.16194
EUR/USD,20180802 09:25:39.423,1.16173,1.16178
EUR/USD,20180802 09:30:40.116,1.1616,1.16162
EUR/USD,20180802 09:35:41.088,1.1612,1.16123
EUR/USD,20180802 09:40:41.132,1.16082,1.16085
EUR/USD,20180802 09:45:41.468,1.1611,1.1611200000000002
EUR/USD,20180802 09:50:41.535,1.16127,1.16129
EUR/USD,20180802 09:55:41.745,1.16125,1.16129
EUR/USD,20180802 10:00:42.735,1.16135,1.16137
EUR/USD,20180802 10:05:44.035,1.16161,1.16164
EUR/USD,20180802 10:10:45.180,1.16144,1.16146
EUR/USD,20180802 10:15:46.096,1.16141,1.16143
EUR/USD,20180802 10:20:46.934,1.16109,1.16113
EUR/USD,20180802 10:25:48.502,1.16127,1.16129
EUR/USD,20180802 10:30:53.208,1.16154,1.1615799999999998
EUR/USD,20180802 10:35:53.929,1.16175,1.1618
EUR/USD,20180802 10:40:53.931,1.16209,1.16212
EUR/USD,20180802 10:45:55.101,1.162,1.16203
EUR/USD,20180802 10:51:00.022,1.16171,1.16174
EUR/USD,20180802 10:56:00.217,1.16185,1.16188
EUR/USD,20180802 11:01:00.239,1.16224,1.16228
EUR/USD,20180802 11:06:00.447,1.1620700000000002,1.1621
EUR/USD,20180802 11:11:03.157,1.16163,1.1617
EUR/USD,20180802 11:16:03.244,1.16127,1.16131
EUR/USD,20180802 11:21:06.016,1.16134,1.16137
EUR/USD,20180802 11:26:06.527,1.16169,1.16172
EUR/USD,20180802 11:31:07.344,1.16173,1.16175
EUR/USD,20180802 11:36:10.051,1.16178,1.16181
EUR/USD,20180802 11:41:15.702,1.16205,1.1620700000000002
EUR/USD,20180802 11:46:15.937,1.16143,1.16147
EUR/USD,20180802 11:51:16.109,1.16065,1.16067
EUR/USD,20180802 11:56:16.280,1.1610200000000002,1.16104
EUR/USD,20180802 12:01:16.940,1.1615799999999998,1.1616
EUR/USD,20180802 12:06:17.579,1.1607299999999998,1.16076
EUR/USD,20180802 12:11:18.299,1.1614799999999998,1.16152
EUR/USD,20180802 12:16:21.194,1.16164,1.16167
EUR/USD,20180802 12:21:21.720,1.1617899999999999,1.16182
EUR/USD,20180802 12:26:23.870,1.16177,1.16178
EUR/USD,20180802 12:31:25.734,1.16178,1.16182
EUR/USD,20180802 12:36:26.412,1.16152,1.16155
EUR/USD,20180802 12:41:26.463,1.16201,1.16204
EUR/USD,20180802 12:46:27.778,1.1619899999999999,1.162
EUR/USD,20180802 12:51:28.458,1.16178,1.16181
EUR/USD,20180802 12:56:28.596,1.1622700000000001,1.16231
EUR/USD,20180802 13:01:30.742,1.1624700000000001,1.1625
EUR/USD,20180802 13:06:33.397,1.16255,1.1626
EUR/USD,20180802 13:11:33.536,1.1624700000000001,1.1625
EUR/USD,20180802 13:16:34.604,1.16229,1.1623299999999999
EUR/USD,20180802 13:21:35.672,1.16257,1.16259
EUR/USD,20180802 13:26:39.539,1.1627100000000001,1.16275
EUR/USD,20180802 13:31:40.174,1.16259,1.1626100000000001
EUR/USD,20180802 13:36:40.486,1.16246,1.16249
EUR/USD,20180802 13:41:41.351,1.1624700000000001,1.1625
EUR/USD,20180802 13:46:43.041,1.16262,1.16266
EUR/USD,20180802 13:51:45.664,1.1629200000000002,1.16296
EUR/USD,20180802 13:56:50.853,1.1626,1.1626299999999998
EUR/USD,20180802 14:01:50.908,1.16254,1.16258
EUR/USD,20180802 14:06:51.569,1.16219,1.16222
EUR/USD,20180802 14:11:51.661,1.16206,1.16209
EUR/USD,20180802 14:16:51.713,1.16218,1.16221
EUR/USD,20180802 14:21:53.453,1.16201,1.16204
EUR/USD,20180802 14:26:53.677,1.16162,1.16165
EUR/USD,20180802 14:31:53.807,1.16161,1.16164
EUR/USD,20180802 14:37:00.526,1.16157,1.16161
EUR/USD,20180802 14:42:00.599,1.1610200000000002,1.16104
EUR/USD,20180802 14:47:00.747,1.16107,1.16111
EUR/USD,20180802 14:52:00.779,1.16131,1.16134
EUR/USD,20180802 14:57:01.131,1.1610200000000002,1.16104
EUR/USD,20180802 15:02:04.611,1.16123,1.16125
EUR/USD,20180802 15:07:04.837,1.16154,1.16156
EUR/USD,20180802 15:12:04.988,1.1614200000000001,1.16145
EUR/USD,20180802 15:17:10.223,1.16125,1.1613
EUR/USD,20180802 15:22:15.912,1.16121,1.16126
EUR/USD,20180802 15:27:16.191,1.16124,1.16129
EUR/USD,20180802 15:32:17.319,1.16137,1.16139
EUR/USD,20180802 15:37:18.156,1.16154,1.16156
EUR/USD,20180802 15:42:18.160,1.16147,1.1615
EUR/USD,20180802 15:47:19.256,1.16137,1.16141
EUR/USD,20180802 15:52:27.603,1.16124,1.16126
EUR/USD,20180802 15:57:27.759,1.1613799999999999,1.16143
EUR/USD,20180802 16:02:28.826,1.16159,1.16161
EUR/USD,20180802 16:07:33.225,1.16173,1.1617600000000001
EUR/USD,20180802 16:12:33.388,1.1617899999999999,1.16183
EUR/USD,20180802 16:17:34.074,1.16152,1.16157
EUR/USD,20180802 16:22:34.957,1.1614,1.16143
EUR/USD,20180802 16:27:37.057,1.16136,1.1614
EUR/USD,20180802 16:32:39.989,1.16152,1.16156
EUR/USD,20180802 16:37:41.047,1.1612799999999999,1.16131
EUR/USD,20180802 16:42:41.074,1.16115,1.16119
EUR/USD,20180802 16:47:43.348,1.16087,1.1609
EUR/USD,20180802 16:52:44.045,1.1608399999999999,1.16087
EUR/USD,20180802 16:57:48.304,1.16079,1.16083
EUR/USD,20180802 17:02:55.395,1.16069,1.1607299999999998
EUR/USD,20180802 17:07:55.866,1.1604700000000001,1.16052
EUR/USD,20180802 17:13:00.060,1.16032,1.16035
EUR/USD,20180802 17:18:00.142,1.1599700000000002,1.16
EUR/USD,20180802 17:23:00.336,1.1599700000000002,1.1599899999999999
EUR/USD,20180802 17:28:03.666,1.16025,1.1603
EUR/USD,20180802 17:33:03.777,1.1602299999999999,1.1602700000000001
EUR/USD,20180802 17:38:04.094,1.16001,1.16003
EUR/USD,20180802 17:43:04.467,1.1598899999999999,1.15992
EUR/USD,20180802 17:48:11.608,1.1600700000000002,1.1601
EUR/USD,20180802 17:53:12.462,1.16006,1.1600700000000002
EUR/USD,20180802 17:58:12.586,1.16011,1.1601299999999999
EUR/USD,20180802 18:03:21.340,1.1599899999999999,1.16004
EUR/USD,20180802 18:08:24.169,1.1597600000000001,1.1597899999999999
EUR/USD,20180802 18:13:25.080,1.15991,1.15994
EUR/USD,20180802 18:18:25.620,1.1601,1.1601299999999999
EUR/USD,20180802 18:23:26.161,1.16002,1.16005
EUR/USD,20180802 18:28:26.698,1.1601,1.16015
EUR/USD,20180802 18:33:28.328,1.15946,1.15949
EUR/USD,20180802 18:38:28.328,1.1588399999999999,1.15887
EUR/USD,20180802 18:43:30.355,1.15847,1.1585
EUR/USD,20180802 18:48:32.022,1.15888,1.1589399999999999
EUR/USD,20180802 18:53:32.038,1.1588399999999999,1.15887
EUR/USD,20180802 18:58:36.354,1.1587399999999999,1.15878
EUR/USD,20180802 19:03:38.693,1.15845,1.15848
EUR/USD,20180802 19:08:39.725,1.15876,1.15878
EUR/USD,20180802 19:13:42.044,1.15906,1.15909
EUR/USD,20180802 19:18:42.333,1.15895,1.15898
EUR/USD,20180802 19:23:48.088,1.15917,1.1591799999999999
EUR/USD,20180802 19:28:48.428,1.15924,1.1592799999999999
EUR/USD,20180802 19:33:48.483,1.15947,1.15954
EUR/USD,20180802 19:38:49.800,1.15967,1.15971
EUR/USD,20180802 19:43:52.679,1.15961,1.15964
EUR/USD,20180802 19:48:56.219,1.1595600000000001,1.1596
EUR/USD,20180802 19:53:57.933,1.15926,1.1593
EUR/USD,20180802 19:58:58.033,1.15888,1.1589
EUR/USD,20180802 20:03:59.492,1.15893,1.15897
EUR/USD,20180802 20:09:01.849,1.15873,1.1588
EUR/USD,20180802 20:14:02.241,1.15867,1.1587100000000001
EUR/USD,20180802 20:19:21.597,1.15869,1.15872
EUR/USD,20180802 20:24:31.418,1.15847,1.1585299999999998
EUR/USD,20180802 20:29:32.805,1.15866,1.15869
EUR/USD,20180802 20:34:33.315,1.15847,1.1585299999999998
EUR/USD,20180802 20:39:39.888,1.15841,1.15845
EUR/USD,20180802 20:44:41.931,1.15856,1.1586100000000001
EUR/USD,20180802 20:49:43.209,1.15854,1.1586
EUR/USD,20180802 20:54:47.576,1.15852,1.15858
EUR/USD,20180802 20:59:51.625,1.15847,1.15856
EUR/USD,20180802 21:04:59.196,1.15828,1.1586299999999998
EUR/USD,20180802 21:10:01.821,1.15819,1.1586299999999998
EUR/USD,20180802 21:15:02.320,1.15839,1.15862
EUR/USD,20180802 21:20:09.592,1.15825,1.15859
EUR/USD,20180802 21:25:14.152,1.15859,1.15883
EUR/USD,20180802 21:30:14.400,1.1583,1.15872
EUR/USD,20180802 21:35:15.698,1.1581700000000001,1.15859
EUR/USD,20180802 21:40:25.969,1.15829,1.15864
EUR/USD,20180802 21:45:27.934,1.15847,1.15862
EUR/USD,20180802 21:50:31.963,1.15855,1.15883
EUR/USD,20180802 21:55:38.672,1.15862,1.15887
EUR/USD,20180802 22:00:38.996,1.1586299999999998,1.1587399999999999
EUR/USD,20180802 22:05:44.481,1.1586299999999998,1.1587
EUR/USD,20180802 22:10:45.212,1.15847,1.15852
EUR/USD,20180802 22:15:49.863,1.15857,1.15862
EUR/USD,20180802 22:20:52.355,1.15845,1.15851
EUR/USD,20180802 22:26:02.953,1.15826,1.15834
EUR/USD,20180802 22:31:08.099,1.15828,1.15835
EUR/USD,20180802 22:36:10.965,1.1583,1.15836
EUR/USD,20180802 22:41:18.543,1.15816,1.1582700000000001
EUR/USD,20180802 22:46:24.711,1.15828,1.15831
EUR/USD,20180802 22:51:36.242,1.15844,1.15849
EUR/USD,20180802 22:56:37.053,1.1587,1.15876
EUR/USD,20180802 23:01:38.154,1.15862,1.15865
EUR/USD,20180802 23:06:39.812,1.1588100000000001,1.1588399999999999
EUR/USD,20180802 23:11:39.919,1.15889,1.15893
EUR/USD,20180802 23:16:46.137,1.15888,1.1589200000000002
EUR/USD,20180802 23:21:48.339,1.15887,1.1589200000000002
EUR/USD,20180802 23:26:59.647,1.15867,1.1587100000000001
EUR/USD,20180802 23:32:00.354,1.15867,1.1587100000000001
EUR/USD,20180802 23:37:10.650,1.1585299999999998,1.15859
EUR/USD,20180802 23:42:12.267,1.15849,1.1585299999999998
EUR/USD,20180802 23:47:13.625,1.15859,1.15862
EUR/USD,20180802 23:52:23.555,1.1586,1.1586100000000001
EUR/USD,20180802 23:57:24.456,1.15849,1.1585299999999998
EUR/USD,20180803 00:02:25.159,1.1584299999999998,1.15846
EUR/USD,20180803 00:07:25.603,1.15832,1.15835
EUR/USD,20180803 00:12:26.559,1.15839,1.1584
EUR/USD,20180803 00:17:27.677,1.15826,1.1583
EUR/USD,20180803 00:22:31.031,1.15841,1.15845
EUR/USD,20180803 00:27:31.208,1.15836,1.15839
EUR/USD,20180803 00:32:32.134,1.15832,1.15835
EUR/USD,20180803 00:37:35.614,1.15836,1.15839
EUR/USD,20180803 00:42:39.007,1.15844,1.15847
EUR/USD,20180803 00:47:43.128,1.15846,1.15852
EUR/USD,20180803 00:52:43.147,1.1586100000000001,1.15865
EUR/USD,20180803 00:57:43.315,1.15872,1.15875
EUR/USD,20180803 01:02:43.397,1.15864,1.15867
EUR/USD,20180803 01:07:44.367,1.15865,1.15869
EUR/USD,20180803 01:12:46.134,1.15866,1.1587100000000001
EUR/USD,20180803 01:17:46.519,1.1587100000000001,1.1587399999999999
EUR/USD,20180803 01:22:58.695,1.15875,1.1588
EUR/USD,20180803 01:27:59.978,1.15879,1.1588
EUR/USD,20180803 01:33:00.708,1.15879,1.15883
EUR/USD,20180803 01:38:01.583,1.15848,1.15851
EUR/USD,20180803 01:43:01.973,1.15832,1.15838
EUR/USD,20180803 01:48:02.276,1.15841,1.15844
EUR/USD,20180803 01:53:08.005,1.15847,1.1585299999999998
EUR/USD,20180803 01:58:10.529,1.15839,1.15842
EUR/USD,20180803 02:03:16.435,1.15821,1.1582299999999999
EUR/USD,20180803 02:08:20.282,1.1583299999999999,1.1583700000000001
EUR/USD,20180803 02:13:23.362,1.15831,1.15834
EUR/USD,20180803 02:18:23.988,1.15851,1.15855
EUR/USD,20180803 02:23:24.525,1.1587399999999999,1.15878
EUR/USD,20180803 02:28:24.988,1.1587100000000001,1.15877
EUR/USD,20180803 02:33:25.025,1.15859,1.15864
EUR/USD,20180803 02:38:28.807,1.15839,1.15842
EUR/USD,20180803 02:43:32.555,1.15842,1.15846
EUR/USD,20180803 02:48:52.180,1.15862,1.15866
EUR/USD,20180803 02:53:53.913,1.15867,1.15872
EUR/USD,20180803 02:58:56.097,1.15869,1.15873
EUR/USD,20180803 03:03:59.451,1.15888,1.15893
EUR/USD,20180803 03:09:00.177,1.1588,1.15887
EUR/USD,20180803 03:14:00.506,1.1589,1.15893
EUR/USD,20180803 03:19:08.826,1.15898,1.15904
EUR/USD,20180803 03:24:09.347,1.1589200000000002,1.15896
EUR/USD,20180803 03:29:18.885,1.15899,1.1590200000000002
EUR/USD,20180803 03:34:35.686,1.15907,1.15911
EUR/USD,20180803 03:39:35.836,1.15915,1.15917
EUR/USD,20180803 03:44:40.956,1.1590799999999999,1.1591200000000002
EUR/USD,20180803 03:49:41.260,1.15915,1.1591799999999999
EUR/USD,20180803 03:54:43.812,1.15891,1.15896
EUR/USD,20180803 03:59:51.915,1.15907,1.15911
EUR/USD,20180803 04:04:52.600,1.15897,1.1590200000000002
EUR/USD,20180803 04:09:59.990,1.1591200000000002,1.15917
EUR/USD,20180803 04:15:02.664,1.15907,1.1591200000000002
EUR/USD,20180803 04:20:07.532,1.1590799999999999,1.15913
EUR/USD,20180803 04:25:19.844,1.15903,1.1590799999999999
EUR/USD,20180803 04:30:23.565,1.1589399999999999,1.15897
EUR/USD,20180803 04:35:38.255,1.15899,1.15903
EUR/USD,20180803 04:40:39.814,1.15916,1.15919
EUR/USD,20180803 04:45:46.788,1.15916,1.15921
EUR/USD,20180803 04:50:47.554,1.1591799999999999,1.15923
EUR/USD,20180803 04:56:05.812,1.1592799999999999,1.15934
EUR/USD,20180803 05:01:10.911,1.15917,1.15923
EUR/USD,20180803 05:06:16.695,1.15916,1.15921
EUR/USD,20180803 05:11:17.685,1.15917,1.15921
EUR/USD,20180803 05:16:22.752,1.1592799999999999,1.15933
EUR/USD,20180803 05:21:33.031,1.1593200000000001,1.1593799999999999
EUR/USD,20180803 05:26:34.759,1.15936,1.15941
EUR/USD,20180803 05:31:35.222,1.15929,1.1593200000000001
EUR/USD,20180803 05:36:41.460,1.15916,1.1592
EUR/USD,20180803 05:41:43.742,1.1592,1.1592799999999999
EUR/USD,20180803 05:46:44.024,1.1592,1.15923
EUR/USD,20180803 05:51:47.225,1.15916,1.15917
EUR/USD,20180803 05:56:51.525,1.15906,1.1591
EUR/USD,20180803 06:01:51.764,1.15878,1.1588100000000001
EUR/USD,20180803 06:06:55.856,1.15886,1.15891
EUR/USD,20180803 06:11:55.947,1.15841,1.15842
EUR/USD,20180803 06:16:56.631,1.15814,1.15818
EUR/USD,20180803 06:21:56.721,1.15819,1.15819
EUR/USD,20180803 06:26:59.622,1.15783,1.1578600000000001
EUR/USD,20180803 06:32:00.227,1.15803,1.15805
EUR/USD,20180803 06:37:00.237,1.15808,1.15812
EUR/USD,20180803 06:42:00.250,1.1578600000000001,1.1579
EUR/USD,20180803 06:47:00.630,1.15838,1.15841
EUR/USD,20180803 06:52:01.722,1.15801,1.15806
EUR/USD,20180803 06:57:05.551,1.15791,1.15795
EUR/USD,20180803 07:02:06.205,1.15793,1.15794
EUR/USD,20180803 07:07:06.954,1.15865,1.15869
EUR/USD,20180803 07:12:08.486,1.15885,1.1589
EUR/USD,20180803 07:17:14.225,1.15867,1.15869
EUR/USD,20180803 07:22:14.274,1.1584299999999998,1.15846
EUR/USD,20180803 07:27:14.491,1.15834,1.1583700000000001
EUR/USD,20180803 07:32:15.563,1.15862,1.15864
EUR/USD,20180803 07:37:16.773,1.15844,1.15846
EUR/USD,20180803 07:42:17.946,1.15826,1.15829
EUR/USD,20180803 07:47:18.228,1.15819,1.1582299999999999
EUR/USD,20180803 07:52:19.992,1.15785,1.1578899999999999
EUR/USD,20180803 07:57:22.477,1.1567100000000001,1.15673
EUR/USD,20180803 08:02:23.095,1.15638,1.15641
EUR/USD,20180803 08:07:26.730,1.15673,1.15675
EUR/USD,20180803 08:12:27.218,1.15721,1.15724
EUR/USD,20180803 08:17:28.405,1.1575799999999998,1.15761
EUR/USD,20180803 08:22:28.720,1.1575799999999998,1.1576
EUR/USD,20180803 08:27:29.415,1.1574,1.15746
EUR/USD,20180803 08:32:31.316,1.15721,1.15723
EUR/USD,20180803 08:37:31.692,1.15774,1.1577600000000001
EUR/USD,20180803 08:42:37.773,1.1575600000000001,1.15761
EUR/USD,20180803 08:47:37.882,1.15774,1.15778
EUR/USD,20180803 08:52:42.082,1.15755,1.15759
EUR/USD,20180803 08:57:42.337,1.1578899999999999,1.1579
EUR/USD,20180803 09:02:42.813,1.1578,1.15784
EUR/USD,20180803 09:07:43.281,1.15835,1.15838
EUR/USD,20180803 09:12:51.113,1.1581299999999999,1.15819
EUR/USD,20180803 09:17:56.162,1.1583,1.15834
EUR/USD,20180803 09:22:56.669,1.15759,1.15763
EUR/USD,20180803 09:27:59.499,1.15784,1.15788
EUR/USD,20180803 09:33:06.876,1.15803,1.15806
EUR/USD,20180803 09:38:08.516,1.1577899999999999,1.15782
EUR/USD,20180803 09:43:08.617,1.1578,1.15782
EUR/USD,20180803 09:48:08.660,1.15784,1.1578700000000002
EUR/USD,20180803 09:53:09.050,1.1577899999999999,1.15783
EUR/USD,20180803 09:58:11.526,1.15765,1.15767
EUR/USD,20180803 10:03:13.955,1.15749,1.15752
EUR/USD,20180803 10:08:14.252,1.15745,1.15749
EUR/USD,20180803 10:13:15.179,1.1575,1.15752
EUR/USD,20180803 10:18:21.179,1.1576600000000001,1.15771
EUR/USD,20180803 10:23:24.665,1.1576,1.15765
EUR/USD,20180803 10:28:28.066,1.1575,1.15752
EUR/USD,20180803 10:33:29.279,1.15745,1.1574799999999998
EUR/USD,20180803 10:38:29.951,1.15737,1.1574200000000001
EUR/USD,20180803 10:43:30.576,1.15765,1.15767
EUR/USD,20180803 10:48:32.085,1.1574799999999998,1.15753
EUR/USD,20180803 10:53:34.798,1.1574799999999998,1.15754
EUR/USD,20180803 10:58:35.191,1.15774,1.15778
EUR/USD,20180803 11:03:35.254,1.15824,1.1582700000000001
EUR/USD,20180803 11:08:36.905,1.15805,1.15808
EUR/USD,20180803 11:13:37.995,1.15937,1.15939
EUR/USD,20180803 11:18:38.121,1.1599,1.15995
EUR/USD,20180803 11:23:39.157,1.16018,1.16021
EUR/USD,20180803 11:28:39.615,1.15973,1.15977
EUR/USD,20180803 11:33:40.655,1.16042,1.16045
EUR/USD,20180803 11:38:40.772,1.16055,1.16058
EUR/USD,20180803 11:43:40.812,1.1601700000000001,1.16021
EUR/USD,20180803 11:48:40.865,1.16004,1.16008
EUR/USD,20180803 11:53:41.422,1.15985,1.15988
EUR/USD,20180803 11:58:42.132,1.15937,1.15939
EUR/USD,20180803 12:03:43.486,1.15943,1.15947
EUR/USD,20180803 12:08:44.050,1.15964,1.15967
EUR/USD,20180803 12:13:44.125,1.15886,1.15889
EUR/USD,20180803 12:18:44.153,1.15864,1.15865
EUR/USD,20180803 12:23:45.362,1.15904,1.15907
EUR/USD,20180803 12:28:46.410,1.15865,1.15869
EUR/USD,20180803 12:33:46.445,1.15911,1.15916
EUR/USD,20180803 12:38:48.479,1.16048,1.16052
EUR/USD,20180803 12:43:49.542,1.16038,1.16041
EUR/USD,20180803 12:48:49.557,1.16005,1.16008
EUR/USD,20180803 12:53:49.723,1.1604299999999999,1.16046
EUR/USD,20180803 12:58:49.948,1.1590200000000002,1.15906
EUR/USD,20180803 13:03:50.162,1.15914,1.1591799999999999
EUR/USD,20180803 13:08:50.206,1.1589200000000002,1.1589399999999999
EUR/USD,20180803 13:13:50.333,1.15855,1.15859
EUR/USD,20180803 13:18:50.760,1.15856,1.1586
EUR/USD,20180803 13:23:51.007,1.15804,1.15808
EUR/USD,20180803 13:28:52.208,1.15697,1.157
EUR/USD,20180803 13:33:52.245,1.1563299999999999,1.15638
EUR/USD,20180803 13:38:53.815,1.1568,1.1568200000000002
EUR/USD,20180803 13:43:54.136,1.15686,1.15689
EUR/USD,20180803 13:48:54.701,1.15737,1.1574
EUR/USD,20180803 13:53:54.742,1.15749,1.15752
EUR/USD,20180803 13:58:58.073,1.15739,1.1574200000000001
EUR/USD,20180803 14:03:58.375,1.1582299999999999,1.1582700000000001
EUR/USD,20180803 14:08:58.862,1.15815,1.1582
EUR/USD,20180803 14:13:59.209,1.15834,1.15835
EUR/USD,20180803 14:18:59.379,1.15836,1.1584
EUR/USD,20180803 14:24:01.276,1.15795,1.15798
EUR/USD,20180803 14:29:02.094,1.1583,1.15834
EUR/USD,20180803 14:34:02.245,1.15883,1.15886
EUR/USD,20180803 14:39:05.802,1.15933,1.15935
EUR/USD,20180803 14:44:06.099,1.15951,1.1595600000000001
EUR/USD,20180803 14:49:12.070,1.15964,1.1596899999999999
EUR/USD,20180803 14:54:12.606,1.15959,1.15964
EUR/USD,20180803 14:59:13.154,1.15913,1.15915
EUR/USD,20180803 15:04:14.235,1.15909,1.15913
EUR/USD,20180803 15:09:15.400,1.15931,1.15935
EUR/USD,20180803 15:14:17.005,1.15947,1.1595
EUR/USD,20180803 15:19:18.272,1.1594,1.1594200000000001
EUR/USD,20180803 15:24:19.241,1.1592799999999999,1.15931
EUR/USD,20180803 15:29:21.901,1.15978,1.15983
EUR/USD,20180803 15:34:23.862,1.15993,1.1599700000000002
EUR/USD,20180803 15:39:24.098,1.1596799999999998,1.15971
EUR/USD,20180803 15:44:37.207,1.15967,1.1596899999999999
EUR/USD,20180803 15:49:38.660,1.15975,1.15978
EUR/USD,20180803 15:54:42.994,1.1599700000000002,1.16003
EUR/USD,20180803 15:59:44.815,1.15963,1.1596600000000001
EUR/USD,20180803 16:04:48.351,1.1598600000000001,1.1598899999999999
EUR/USD,20180803 16:09:49.161,1.15975,1.15978
EUR/USD,20180803 16:14:49.265,1.1593200000000001,1.15937
EUR/USD,20180803 16:19:49.283,1.15949,1.15953
EUR/USD,20180803 16:24:55.271,1.1594799999999998,1.15952
EUR/USD,20180803 16:30:00.078,1.15936,1.1594200000000001
EUR/USD,20180803 16:35:00.473,1.15907,1.15913
EUR/USD,20180803 16:40:01.727,1.15898,1.15901
EUR/USD,20180803 16:45:04.870,1.15901,1.15903
EUR/USD,20180803 16:50:04.917,1.15911,1.15914
EUR/USD,20180803 16:55:04.946,1.1592799999999999,1.15931
EUR/USD,20180803 17:00:06.314,1.1595,1.15953
EUR/USD,20180803 17:05:15.295,1.1593,1.15931
EUR/USD,20180803 17:10:24.909,1.1591799999999999,1.1592200000000001
EUR/USD,20180803 17:15:28.069,1.15911,1.15915
EUR/USD,20180803 17:20:28.353,1.15915,1.15919
EUR/USD,20180803 17:25:28.505,1.15878,1.1588
EUR/USD,20180803 17:30:36.020,1.15855,1.15857
EUR/USD,20180803 17:35:37.941,1.15878,1.1588399999999999
EUR/USD,20180803 17:40:38.793,1.15849,1.1585299999999998
EUR/USD,20180803 17:45:41.297,1.15844,1.15848
EUR/USD,20180803 17:50:47.712,1.1586,1.15865
EUR/USD,20180803 17:55:47.776,1.1586,1.15864
EUR/USD,20180803 18:00:52.475,1.15835,1.1584
EUR/USD,20180803 18:05:52.830,1.15819,1.15822
EUR/USD,20180803 18:10:53.019,1.15825,1.15829
EUR/USD,20180803 18:16:03.783,1.15836,1.15839
EUR/USD,20180803 18:21:06.046,1.15838,1.15842
EUR/USD,20180803 18:26:10.314,1.15806,1.15809
EUR/USD,20180803 18:31:11.784,1.15791,1.15794
EUR/USD,20180803 18:36:11.968,1.15772,1.15774
EUR/USD,20180803 18:41:13.057,1.1577600000000001,1.1578
EUR/USD,20180803 18:46:13.199,1.15751,1.15755
EUR/USD,20180803 18:51:13.407,1.15761,1.15765
EUR/USD,20180803 18:56:16.047,1.15765,1.1576899999999999
EUR/USD,20180803 19:01:20.084,1.15781,1.15784
EUR/USD,20180803 19:06:21.498,1.15775,1.1578
EUR/USD,20180803 19:11:21.607,1.15761,1.15765
EUR/USD,20180803 19:16:25.213,1.15767,1.1577
EUR/USD,20180803 19:21:28.637,1.15777,1.15782
EUR/USD,20180803 19:26:30.694,1.1576600000000001,1.15771
EUR/USD,20180803 19:31:40.404,1.1572200000000001,1.15725
EUR/USD,20180803 19:36:41.177,1.15726,1.1572799999999999
EUR/USD,20180803 19:41:41.180,1.15727,1.1573200000000001
EUR/USD,20180803 19:46:51.351,1.15705,1.1571200000000001
EUR/USD,20180803 19:51:53.384,1.15713,1.15717
EUR/USD,20180803 19:56:53.820,1.15705,1.15707
EUR/USD,20180803 20:01:56.549,1.15726,1.1573200000000001
EUR/USD,20180803 20:07:14.068,1.1572,1.1572200000000001
EUR/USD,20180803 20:12:20.679,1.1570200000000002,1.15706
EUR/USD,20180803 20:17:31.162,1.15691,1.15696
EUR/USD,20180803 20:22:33.324,1.1566100000000001,1.15665
EUR/USD,20180803 20:27:33.954,1.1567,1.15672
EUR/USD,20180803 20:32:38.036,1.1567,1.15677
EUR/USD,20180803 20:37:41.197,1.15649,1.15656
EUR/USD,20180803 20:43:16.238,1.15654,1.15658
EUR/USD,20180803 20:48:23.664,1.15655,1.15659
EUR/USD,20180803 20:53:28.195,1.15654,1.15664
EUR/USD,20180803 20:58:28.550,1.15673,1.1569200000000002
EUR/USD,20180805 21:03:50.649,1.15642,1.15773
EUR/USD,20180805 21:08:55.537,1.15647,1.1574799999999998
EUR/USD,20180805 21:14:01.805,1.1569,1.1573200000000001
EUR/USD,20180805 21:19:25.181,1.1568,1.15703
EUR/USD,20180805 21:25:35.526,1.15673,1.15703
EUR/USD,20180805 21:30:52.715,1.15677,1.15699
EUR/USD,20180805 21:35:52.756,1.15676,1.15697
EUR/USD,20180805 21:41:16.897,1.15676,1.15689
EUR/USD,20180805 21:46:21.097,1.1568,1.15699
EUR/USD,20180805 21:51:24.703,1.15675,1.15704
EUR/USD,20180805 21:56:25.302,1.15687,1.15698
EUR/USD,20180805 22:01:27.197,1.1568399999999999,1.15696
EUR/USD,20180805 22:06:27.244,1.15683,1.15688
EUR/USD,20180805 22:11:30.505,1.15687,1.15696
EUR/USD,20180805 22:16:33.487,1.15683,1.1569
EUR/USD,20180805 22:21:43.699,1.15662,1.1567
EUR/USD,20180805 22:26:58.014,1.15658,1.15665
EUR/USD,20180805 22:31:58.209,1.15655,1.15659
EUR/USD,20180805 22:37:02.622,1.15649,1.15655
EUR/USD,20180805 22:42:06.147,1.15654,1.1566
EUR/USD,20180805 22:47:09.156,1.15656,1.1566100000000001
EUR/USD,20180805 22:52:37.392,1.15639,1.15645
EUR/USD,20180805 22:57:38.089,1.15615,1.15621
EUR/USD,20180805 23:02:38.200,1.15626,1.1563
EUR/USD,20180805 23:07:41.046,1.15642,1.15649
EUR/USD,20180805 23:12:42.425,1.1563700000000001,1.1564299999999998
EUR/USD,20180805 23:17:45.013,1.15646,1.15651
EUR/USD,20180805 23:22:47.093,1.15647,1.15651
EUR/USD,20180805 23:27:47.496,1.1563700000000001,1.15641
EUR/USD,20180805 23:32:56.742,1.15614,1.1562
EUR/USD,20180805 23:38:03.944,1.15615,1.15619
EUR/USD,20180805 23:43:05.173,1.1561700000000001,1.1562
EUR/USD,20180805 23:48:05.236,1.15618,1.15621
EUR/USD,20180805 23:53:06.427,1.15618,1.15621
EUR/USD,20180805 23:58:08.412,1.15618,1.15622
EUR/USD,20180806 00:03:08.719,1.15602,1.15606
EUR/USD,20180806 00:08:22.211,1.15601,1.15606
EUR/USD,20180806 00:13:23.424,1.15635,1.15639
EUR/USD,20180806 00:18:24.654,1.15599,1.15603
EUR/USD,20180806 00:23:25.718,1.15584,1.15588
EUR/USD,20180806 00:28:31.465,1.15626,1.15631
EUR/USD,20180806 00:33:32.349,1.15626,1.15629
EUR/USD,20180806 00:38:34.812,1.1562,1.15622
EUR/USD,20180806 00:43:36.812,1.15618,1.1562299999999999
EUR/USD,20180806 00:48:37.445,1.15629,1.1563299999999999
EUR/USD,20180806 00:53:38.145,1.15636,1.15639
EUR/USD,20180806 00:58:51.704,1.1562700000000001,1.1563299999999999
EUR/USD,20180806 01:03:58.853,1.15609,1.15614
EUR/USD,20180806 01:08:59.196,1.15625,1.1563
EUR/USD,20180806 01:14:01.069,1.1563299999999999,1.15638
EUR/USD,20180806 01:19:01.593,1.15625,1.15628
EUR/USD,20180806 01:24:07.351,1.1561299999999999,1.1561700000000001
EUR/USD,20180806 01:29:12.069,1.1562299999999999,1.15628
EUR/USD,20180806 01:34:12.096,1.15667,1.15668
EUR/USD,20180806 01:39:14.522,1.15648,1.1565299999999998
EUR/USD,20180806 01:44:15.122,1.15667,1.1567
EUR/USD,20180806 01:49:20.145,1.15669,1.15673
EUR/USD,20180806 01:54:21.135,1.15645,1.15647
EUR/USD,20180806 01:59:28.285,1.15656,1.1566
EUR/USD,20180806 02:04:29.877,1.15658,1.15659
EUR/USD,20180806 02:09:30.512,1.1564,1.1564299999999998
EUR/USD,20180806 02:14:32.344,1.15628,1.15632
EUR/USD,20180806 02:19:35.413,1.15612,1.15615
EUR/USD,20180806 02:24:41.076,1.15604,1.15609
EUR/USD,20180806 02:29:47.121,1.15614,1.15618
EUR/USD,20180806 02:35:00.624,1.15618,1.15624
EUR/USD,20180806 02:40:01.204,1.15635,1.1563700000000001
EUR/USD,20180806 02:45:02.048,1.15635,1.1563700000000001
EUR/USD,20180806 02:50:02.873,1.15625,1.15628
EUR/USD,20180806 02:55:09.410,1.15615,1.15618
EUR/USD,20180806 03:00:18.893,1.1562,1.15625
EUR/USD,20180806 03:05:22.323,1.15609,1.15611
EUR/USD,20180806 03:10:32.482,1.15624,1.15629
EUR/USD,20180806 03:15:41.116,1.15626,1.1563
EUR/USD,20180806 03:20:45.424,1.1562,1.15624
EUR/USD,20180806 03:25:49.052,1.15624,1.15628
EUR/USD,20180806 03:30:52.148,1.15645,1.1565
EUR/USD,20180806 03:35:56.928,1.15628,1.15632
EUR/USD,20180806 03:41:00.100,1.1564,1.15644
EUR/USD,20180806 03:46:02.903,1.15636,1.1564
EUR/USD,20180806 03:51:08.774,1.15638,1.1564299999999998
EUR/USD,20180806 03:56:10.287,1.15629,1.1563299999999999
EUR/USD,20180806 04:01:22.618,1.15628,1.15632
EUR/USD,20180806 04:06:34.256,1.15619,1.15625
EUR/USD,20180806 04:11:35.062,1.15622,1.1562299999999999
EUR/USD,20180806 04:16:35.772,1.15586,1.1559
EUR/USD,20180806 04:21:39.385,1.15583,1.15586
EUR/USD,20180806 04:26:43.376,1.1557899999999999,1.15584
EUR/USD,20180806 04:31:51.797,1.15583,1.15591
EUR/USD,20180806 04:36:59.343,1.15577,1.15582
EUR/USD,20180806 04:42:03.959,1.15578,1.15584
EUR/USD,20180806 04:47:06.392,1.1556899999999999,1.1557600000000001
EUR/USD,20180806 04:52:11.867,1.15571,1.15574
EUR/USD,20180806 04:57:13.081,1.15572,1.15575
EUR/USD,20180806 05:02:14.689,1.1556,1.15561
EUR/USD,20180806 05:07:16.002,1.15552,1.15554
EUR/USD,20180806 05:12:21.720,1.1555600000000001,1.1556
EUR/USD,20180806 05:17:44.951,1.15551,1.15553
EUR/USD,20180806 05:22:45.404,1.15564,1.1556799999999998
EUR/USD,20180806 05:27:46.692,1.15545,1.15546
EUR/USD,20180806 05:32:57.627,1.15523,1.1553200000000001
EUR/USD,20180806 05:37:58.281,1.1554200000000001,1.15545
EUR/USD,20180806 05:43:00.457,1.15537,1.15539
EUR/USD,20180806 05:48:02.943,1.15537,1.1554
EUR/USD,20180806 05:53:05.455,1.15571,1.15575
EUR/USD,20180806 05:58:06.769,1.15575,1.15582
EUR/USD,20180806 06:03:07.463,1.1551799999999999,1.15521
EUR/USD,20180806 06:08:09.601,1.15536,1.15539
EUR/USD,20180806 06:13:15.140,1.1550799999999999,1.15513
EUR/USD,20180806 06:18:18.190,1.15505,1.15509
EUR/USD,20180806 06:23:19.509,1.15526,1.1553
EUR/USD,20180806 06:28:20.483,1.1555600000000001,1.15559
EUR/USD,20180806 06:33:21.086,1.1555600000000001,1.1556
EUR/USD,20180806 06:38:25.661,1.1556,1.15563
EUR/USD,20180806 06:43:25.854,1.1558,1.15583
EUR/USD,20180806 06:48:26.361,1.15547,1.15551
EUR/USD,20180806 06:53:26.600,1.15537,1.1554
EUR/USD,20180806 06:58:26.845,1.15622,1.1562299999999999
EUR/USD,20180806 07:03:26.873,1.15596,1.1559700000000002
EUR/USD,20180806 07:08:26.925,1.15599,1.15603
EUR/USD,20180806 07:13:30.379,1.15624,1.1562700000000001
EUR/USD,20180806 07:18:30.777,1.1561,1.15616
EUR/USD,20180806 07:23:31.134,1.15571,1.15574
EUR/USD,20180806 07:28:34.836,1.15595,1.1559700000000002
EUR/USD,20180806 07:33:35.615,1.15582,1.15585
EUR/USD,20180806 07:38:35.644,1.1559,1.15593
EUR/USD,20180806 07:43:36.771,1.15603,1.15605
EUR/USD,20180806 07:48:38.773,1.15608,1.1561
EUR/USD,20180806 07:53:38.920,1.1568100000000001,1.15685
EUR/USD,20180806 07:58:42.083,1.15647,1.15651
EUR/USD,20180806 08:03:45.354,1.15652,1.15656
EUR/USD,20180806 08:08:47.600,1.15645,1.15649
EUR/USD,20180806 08:13:48.210,1.15631,1.15635
EUR/USD,20180806 08:18:53.281,1.15604,1.15609
EUR/USD,20180806 08:23:56.919,1.15608,1.15609
EUR/USD,20180806 08:29:02.243,1.15603,1.15606
EUR/USD,20180806 08:34:02.908,1.15612,1.15614
EUR/USD,20180806 08:39:03.330,1.15601,1.15605
EUR/USD,20180806 08:44:11.980,1.1557600000000001,1.15577
EUR/USD,20180806 08:49:12.492,1.15557,1.1556
EUR/USD,20180806 08:54:14.190,1.15565,1.15571
EUR/USD,20180806 08:59:14.702,1.15584,1.15588
EUR/USD,20180806 09:04:15.711,1.1555799999999998,1.15561
EUR/USD,20180806 09:09:21.004,1.1557,1.15573
EUR/USD,20180806 09:14:22.260,1.15572,1.1557600000000001
EUR/USD,20180806 09:19:29.777,1.15605,1.1561
EUR/USD,20180806 09:24:32.914,1.15616,1.15622
EUR/USD,20180806 09:29:36.873,1.1561700000000001,1.1562
EUR/USD,20180806 09:34:36.926,1.1563,1.15634
EUR/USD,20180806 09:39:45.027,1.15625,1.15629
EUR/USD,20180806 09:44:45.882,1.15636,1.15638
EUR/USD,20180806 09:49:46.329,1.15622,1.15625
EUR/USD,20180806 09:54:46.337,1.1562700000000001,1.15631
EUR/USD,20180806 09:59:48.859,1.15619,1.15624
EUR/USD,20180806 10:04:49.224,1.15577,1.15581
EUR/USD,20180806 10:09:50.217,1.15547,1.15551
EUR/USD,20180806 10:14:50.226,1.15466,1.15469
EUR/USD,20180806 10:19:50.428,1.15444,1.15447
EUR/USD,20180806 10:24:50.780,1.1544299999999998,1.15445
EUR/USD,20180806 10:30:00.575,1.15468,1.1547399999999999
EUR/USD,20180806 10:35:18.515,1.15473,1.15478
EUR/USD,20180806 10:40:18.579,1.15467,1.1547
EUR/USD,20180806 10:45:19.254,1.1539700000000002,1.15401
EUR/USD,20180806 10:50:19.342,1.15347,1.1535
EUR/USD,20180806 10:55:20.972,1.15339,1.1534200000000001
EUR/USD,20180806 11:00:26.115,1.15373,1.15378
EUR/USD,20180806 11:05:28.661,1.15393,1.15393
EUR/USD,20180806 11:10:39.439,1.1537899999999999,1.15382
EUR/USD,20180806 11:15:39.585,1.15355,1.1535799999999998
EUR/USD,20180806 11:20:40.425,1.1534799999999998,1.1535
EUR/USD,20180806 11:25:41.320,1.1534200000000001,1.1534799999999998
EUR/USD,20180806 11:30:41.456,1.1532200000000001,1.15325
EUR/USD,20180806 11:35:42.180,1.15329,1.1533200000000001
EUR/USD,20180806 11:40:44.382,1.1533799999999998,1.15341
EUR/USD,20180806 11:45:50.450,1.15347,1.15351
EUR/USD,20180806 11:50:54.944,1.15367,1.15371
EUR/USD,20180806 11:55:54.984,1.15384,1.1538700000000002
EUR/USD,20180806 12:00:59.138,1.1540700000000002,1.1541
EUR/USD,20180806 12:06:03.922,1.1542299999999999,1.15426
EUR/USD,20180806 12:11:14.923,1.15403,1.15408
EUR/USD,20180806 12:16:16.660,1.1541299999999999,1.15414
EUR/USD,20180806 12:21:17.024,1.15372,1.15373
EUR/USD,20180806 12:26:19.249,1.15371,1.15374
EUR/USD,20180806 12:31:24.199,1.1540700000000002,1.15409
EUR/USD,20180806 12:36:27.161,1.1541299999999999,1.1541700000000001
EUR/USD,20180806 12:41:28.170,1.15455,1.15458
EUR/USD,20180806 12:46:28.789,1.15438,1.1544
EUR/USD,20180806 12:51:40.450,1.15426,1.15431
EUR/USD,20180806 12:56:43.869,1.15418,1.1542299999999999
EUR/USD,20180806 13:01:45.006,1.1545299999999998,1.15458
EUR/USD,20180806 13:06:47.048,1.1547,1.1547100000000001
EUR/USD,20180806 13:11:48.438,1.15478,1.1548100000000001
EUR/USD,20180806 13:16:48.477,1.15491,1.15493
EUR/USD,20180806 13:21:57.096,1.15504,1.15507
EUR/USD,20180806 13:26:58.787,1.15495,1.15501
EUR/USD,20180806 13:32:00.942,1.1545299999999998,1.15456
EUR/USD,20180806 13:37:01.929,1.1546,1.1546399999999999
EUR/USD,20180806 13:42:01.953,1.15444,1.15446
EUR/USD,20180806 13:47:02.074,1.15459,1.1546100000000001
EUR/USD,20180806 13:52:04.096,1.15438,1.15441
EUR/USD,20180806 13:57:04.098,1.1542,1.15421
EUR/USD,20180806 14:02:09.149,1.15473,1.15477
EUR/USD,20180806 14:07:10.203,1.1554799999999998,1.1555
EUR/USD,20180806 14:12:10.444,1.15526,1.15529
EUR/USD,20180806 14:17:10.822,1.1555600000000001,1.15559
EUR/USD,20180806 14:22:13.776,1.1554200000000001,1.15545
EUR/USD,20180806 14:27:14.837,1.15591,1.15595
EUR/USD,20180806 14:32:15.377,1.15611,1.15614
EUR/USD,20180806 14:37:18.417,1.1560700000000002,1.15611
EUR/USD,20180806 14:42:19.156,1.15596,1.15598
EUR/USD,20180806 14:47:19.894,1.15592,1.15595
EUR/USD,20180806 14:52:21.437,1.1559700000000002,1.156
EUR/USD,20180806 14:57:22.118,1.15574,1.15578
EUR/USD,20180806 15:02:22.148,1.15596,1.15599
EUR/USD,20180806 15:07:23.885,1.15604,1.1560700000000002
EUR/USD,20180806 15:12:25.356,1.15578,1.15583
EUR/USD,20180806 15:17:25.514,1.15584,1.1558700000000002
EUR/USD,20180806 15:22:26.307,1.15588,1.15594
EUR/USD,20180806 15:27:26.791,1.15657,1.15659
EUR/USD,20180806 15:32:27.040,1.15647,1.15649
EUR/USD,20180806 15:37:27.933,1.15654,1.15657
EUR/USD,20180806 15:42:28.881,1.15646,1.15648
EUR/USD,20180806 15:47:31.781,1.1562,1.15624
EUR/USD,20180806 15:52:32.359,1.15619,1.1562299999999999
EUR/USD,20180806 15:57:38.915,1.15615,1.1562
EUR/USD,20180806 16:02:42.419,1.15626,1.15628
EUR/USD,20180806 16:07:44.164,1.1560700000000002,1.1561
EUR/USD,20180806 16:12:51.636,1.15609,1.15612
EUR/USD,20180806 16:17:53.843,1.15592,1.15596
EUR/USD,20180806 16:23:01.022,1.15592,1.15596
EUR/USD,20180806 16:28:02.511,1.1562299999999999,1.15625
EUR/USD,20180806 16:33:04.201,1.1563,1.15632
EUR/USD,20180806 16:38:09.474,1.1563299999999999,1.1563700000000001
EUR/USD,20180806 16:43:10.199,1.1564299999999998,1.15648
EUR/USD,20180806 16:48:14.784,1.15604,1.15605
EUR/USD,20180806 16:53:15.669,1.15598,1.156
EUR/USD,20180806 16:58:19.104,1.15615,1.15618
EUR/USD,20180806 17:03:21.430,1.15624,1.1562700000000001
EUR/USD,20180806 17:08:33.039,1.15603,1.15608
EUR/USD,20180806 17:13:33.711,1.15582,1.15586
EUR/USD,20180806 17:18:35.842,1.1558899999999999,1.15592
EUR/USD,20180806 17:23:50.400,1.15581,1.15585
EUR/USD,20180806 17:28:58.947,1.15574,1.15578
EUR/USD,20180806 17:34:00.357,1.1556600000000001,1.1556799999999998
EUR/USD,20180806 17:39:03.426,1.15543,1.15546
EUR/USD,20180806 17:44:07.151,1.15529,1.15533
EUR/USD,20180806 17:49:11.110,1.1553200000000001,1.15536
EUR/USD,20180806 17:54:11.780,1.15546,1.1555
EUR/USD,20180806 17:59:13.973,1.15533,1.15536
EUR/USD,20180806 18:04:16.308,1.15507,1.15511
EUR/USD,20180806 18:09:18.746,1.15493,1.15496
EUR/USD,20180806 18:14:20.623,1.15486,1.1549
EUR/USD,20180806 18:19:22.736,1.15537,1.1553799999999999
EUR/USD,20180806 18:24:27.168,1.15543,1.1554799999999998
EUR/USD,20180806 18:29:27.713,1.15552,1.1555600000000001
EUR/USD,20180806 18:34:32.054,1.1554799999999998,1.15553
EUR/USD,20180806 18:39:32.785,1.15549,1.15551
EUR/USD,20180806 18:44:38.834,1.15545,1.15547
EUR/USD,20180806 18:49:40.021,1.1554200000000001,1.15545
EUR/USD,20180806 18:54:42.461,1.15565,1.1556600000000001
EUR/USD,20180806 18:59:45.053,1.15565,1.1557
EUR/USD,20180806 19:04:45.174,1.1554799999999998,1.15552
EUR/USD,20180806 19:09:46.845,1.1554,1.15543
EUR/USD,20180806 19:14:48.795,1.1555600000000001,1.1555799999999998
EUR/USD,20180806 19:19:51.517,1.15539,1.15543
EUR/USD,20180806 19:25:01.756,1.1556799999999998,1.15571
EUR/USD,20180806 19:30:13.095,1.15567,1.15573
EUR/USD,20180806 19:35:14.591,1.1555,1.15553
EUR/USD,20180806 19:40:17.741,1.15543,1.15549
EUR/USD,20180806 19:45:19.134,1.15549,1.15552
EUR/USD,20180806 19:50:22.159,1.15537,1.1554
EUR/USD,20180806 19:55:22.215,1.15543,1.15545
EUR/USD,20180806 20:00:22.783,1.15537,1.1554200000000001
EUR/USD,20180806 20:05:25.961,1.15547,1.15552
EUR/USD,20180806 20:10:29.234,1.15547,1.1555
EUR/USD,20180806 20:15:36.307,1.15555,1.1555799999999998
EUR/USD,20180806 20:20:46.580,1.15547,1.15552
EUR/USD,20180806 20:25:50.678,1.15541,1.15546
EUR/USD,20180806 20:30:56.223,1.15529,1.15535
EUR/USD,20180806 20:36:03.650,1.15525,1.15533
EUR/USD,20180806 20:41:05.631,1.1553200000000001,1.15537
EUR/USD,20180806 20:46:13.964,1.15533,1.15539
EUR/USD,20180806 20:51:17.101,1.15539,1.15543
EUR/USD,20180806 20:56:21.518,1.15537,1.15543
EUR/USD,20180806 21:02:14.861,1.1551799999999999,1.1554200000000001
EUR/USD,20180806 21:08:23.393,1.15505,1.15536
EUR/USD,20180806 21:13:36.285,1.15514,1.1553799999999999
EUR/USD,20180806 21:18:36.765,1.15517,1.15531
EUR/USD,20180806 21:23:44.461,1.15535,1.1555
EUR/USD,20180806 21:28:44.657,1.1551200000000001,1.1553
EUR/USD,20180806 21:33:47.125,1.15509,1.1553
EUR/USD,20180806 21:38:47.494,1.15531,1.15551
EUR/USD,20180806 21:43:47.793,1.15533,1.15552
EUR/USD,20180806 21:48:48.785,1.1554200000000001,1.15549
EUR/USD,20180806 21:53:54.303,1.1552200000000001,1.15529
EUR/USD,20180806 21:58:54.403,1.15507,1.15529
EUR/USD,20180806 22:04:00.496,1.15551,1.15559
EUR/USD,20180806 22:09:10.739,1.15551,1.15557
EUR/USD,20180806 22:14:38.280,1.1555799999999998,1.1556600000000001
EUR/USD,20180806 22:19:43.695,1.15565,1.1556899999999999
EUR/USD,20180806 22:25:17.937,1.15554,1.15559
EUR/USD,20180806 22:30:21.896,1.1555,1.1555600000000001
EUR/USD,20180806 22:35:21.956,1.1556899999999999,1.15574
EUR/USD,20180806 22:40:23.373,1.15564,1.1556799999999998
EUR/USD,20180806 22:45:26.099,1.15563,1.1556799999999998
EUR/USD,20180806 22:50:28.250,1.15564,1.1556899999999999
EUR/USD,20180806 22:55:30.752,1.15565,1.1557
EUR/USD,20180806 23:00:36.289,1.15573,1.15577
EUR/USD,20180806 23:05:36.714,1.15574,1.1558
EUR/USD,20180806 23:10:50.516,1.15581,1.1558700000000002
EUR/USD,20180806 23:15:53.730,1.1556899999999999,1.15573
EUR/USD,20180806 23:21:01.483,1.15574,1.1558
EUR/USD,20180806 23:26:02.708,1.15571,1.1557600000000001
EUR/USD,20180806 23:31:03.545,1.15563,1.1556799999999998
EUR/USD,20180806 23:36:08.479,1.15567,1.1557
EUR/USD,20180806 23:41:11.192,1.15567,1.15571
EUR/USD,20180806 23:46:13.189,1.1556799999999998,1.15573
EUR/USD,20180806 23:51:16.570,1.15583,1.15588
EUR/USD,20180806 23:56:17.305,1.15584,1.1558899999999999
EUR/USD,20180807 00:01:17.376,1.1556899999999999,1.15575
EUR/USD,20180807 00:06:17.403,1.1559700000000002,1.15602
EUR/USD,20180807 00:11:29.749,1.15602,1.15606
EUR/USD,20180807 00:16:32.723,1.15594,1.15596
EUR/USD,20180807 00:21:33.465,1.15588,1.15594
EUR/USD,20180807 00:26:41.165,1.1558,1.15584
EUR/USD,20180807 00:31:45.609,1.15575,1.15578
EUR/USD,20180807 00:36:49.704,1.1556600000000001,1.1557
EUR/USD,20180807 00:42:00.049,1.15565,1.1556899999999999
EUR/USD,20180807 00:47:06.146,1.15567,1.15573
EUR/USD,20180807 00:52:06.454,1.1556899999999999,1.15572
EUR/USD,20180807 00:57:07.468,1.1559700000000002,1.156
EUR/USD,20180807 01:02:11.515,1.1561299999999999,1.1561700000000001
EUR/USD,20180807 01:07:13.587,1.15619,1.15622
EUR/USD,20180807 01:12:14.283,1.1561700000000001,1.15621
EUR/USD,20180807 01:17:17.712,1.15624,1.15629
EUR/USD,20180807 01:22:18.896,1.15601,1.15603
EUR/USD,20180807 01:27:23.448,1.15594,1.1559700000000002
EUR/USD,20180807 01:32:25.484,1.15585,1.1558899999999999
EUR/USD,20180807 01:37:28.915,1.15592,1.15594
EUR/USD,20180807 01:42:29.474,1.15593,1.15596
EUR/USD,20180807 01:47:33.122,1.1557899999999999,1.15581
EUR/USD,20180807 01:52:43.004,1.15582,1.15585
EUR/USD,20180807 01:57:45.738,1.1557899999999999,1.15581
EUR/USD,20180807 02:02:48.101,1.15586,1.15588
EUR/USD,20180807 02:07:53.593,1.156,1.15604
EUR/USD,20180807 02:12:57.978,1.15612,1.1561700000000001
EUR/USD,20180807 02:18:01.129,1.1561,1.1561299999999999
EUR/USD,20180807 02:23:06.688,1.15616,1.15619
EUR/USD,20180807 02:28:09.284,1.1561,1.15616
EUR/USD,20180807 02:33:10.076,1.15631,1.15634
EUR/USD,20180807 02:38:12.523,1.15612,1.15615
EUR/USD,20180807 02:43:13.583,1.1561299999999999,1.15615
EUR/USD,20180807 02:48:18.900,1.15611,1.15614
EUR/USD,20180807 02:54:17.212,1.15611,1.15614
EUR/USD,20180807 02:59:17.707,1.15605,1.1560700000000002
EUR/USD,20180807 03:04:20.196,1.15601,1.15605
EUR/USD,20180807 03:09:31.214,1.15582,1.15585
EUR/USD,20180807 03:14:48.547,1.15586,1.1558899999999999
EUR/USD,20180807 03:19:58.105,1.15563,1.1556899999999999
EUR/USD,20180807 03:25:00.452,1.15552,1.15557
EUR/USD,20180807 03:30:02.709,1.15561,1.15563
EUR/USD,20180807 03:35:03.623,1.15555,1.15561
EUR/USD,20180807 03:40:14.161,1.15557,1.15561
EUR/USD,20180807 03:45:18.489,1.1555799999999998,1.15563
EUR/USD,20180807 03:50:19.745,1.15551,1.15555
EUR/USD,20180807 03:55:22.423,1.15549,1.15554
EUR/USD,20180807 04:00:24.270,1.15557,1.1556
EUR/USD,20180807 04:05:25.153,1.15555,1.15559
EUR/USD,20180807 04:10:28.418,1.15557,1.1555799999999998
EUR/USD,20180807 04:15:31.144,1.15561,1.15563
EUR/USD,20180807 04:20:35.810,1.1557,1.15574
EUR/USD,20180807 04:25:46.739,1.1557,1.15574
EUR/USD,20180807 04:30:48.986,1.15574,1.15577
EUR/USD,20180807 04:35:54.043,1.1556600000000001,1.1556799999999998
EUR/USD,20180807 04:41:07.805,1.15582,1.15584
EUR/USD,20180807 04:46:09.317,1.15593,1.15596
EUR/USD,20180807 04:51:16.355,1.1557,1.15574
EUR/USD,20180807 04:56:27.582,1.15565,1.1557
EUR/USD,20180807 05:01:33.797,1.1557899999999999,1.15584
EUR/USD,20180807 05:06:34.118,1.15571,1.15574
EUR/USD,20180807 05:11:34.166,1.1556899999999999,1.15573
EUR/USD,20180807 05:16:39.713,1.15557,1.15559
EUR/USD,20180807 05:21:56.093,1.15554,1.15561
EUR/USD,20180807 05:27:00.152,1.15563,1.1556600000000001
EUR/USD,20180807 05:32:00.804,1.15555,1.1555799999999998
EUR/USD,20180807 05:37:16.599,1.15529,1.15531
EUR/USD,20180807 05:42:23.835,1.15521,1.15524
EUR/USD,20180807 05:47:26.214,1.1554200000000001,1.15546
EUR/USD,20180807 05:52:32.535,1.1553200000000001,1.15534
EUR/USD,20180807 05:57:32.908,1.1556600000000001,1.1557
EUR/USD,20180807 06:02:33.938,1.1557600000000001,1.15578
EUR/USD,20180807 06:07:34.070,1.1560700000000002,1.1561
EUR/USD,20180807 06:12:36.840,1.1564,1.15644
EUR/USD,20180807 06:17:40.962,1.15616,1.15618
EUR/USD,20180807 06:22:42.621,1.1568200000000002,1.15686
EUR/USD,20180807 06:27:43.357,1.15717,1.15721
EUR/USD,20180807 06:32:43.877,1.15727,1.1573
EUR/USD,20180807 06:37:46.837,1.15721,1.15724
EUR/USD,20180807 06:42:47.540,1.15717,1.15721
EUR/USD,20180807 06:47:49.126,1.15736,1.15737
EUR/USD,20180807 06:52:50.702,1.15771,1.15775
EUR/USD,20180807 06:57:51.811,1.1582,1.15824
EUR/USD,20180807 07:02:51.855,1.1579700000000002,1.158
EUR/USD,20180807 07:07:53.838,1.1577899999999999,1.15782
EUR/USD,20180807 07:12:53.905,1.15767,1.1577
EUR/USD,20180807 07:17:53.907,1.1577,1.15773
EUR/USD,20180807 07:22:58.669,1.1573,1.15735
EUR/USD,20180807 07:27:58.914,1.1578,1.15783
EUR/USD,20180807 07:33:00.948,1.15731,1.15734
EUR/USD,20180807 07:38:01.947,1.15703,1.15705
EUR/USD,20180807 07:43:01.993,1.1570799999999999,1.1571
EUR/USD,20180807 07:48:02.072,1.1570799999999999,1.1571
EUR/USD,20180807 07:53:02.130,1.15696,1.15699
EUR/USD,20180807 07:58:02.313,1.15764,1.1576600000000001
EUR/USD,20180807 08:03:03.070,1.1576899999999999,1.15772
EUR/USD,20180807 08:08:03.109,1.15761,1.15765
EUR/USD,20180807 08:13:04.851,1.15764,1.1576799999999998
EUR/USD,20180807 08:18:05.158,1.15803,1.15806
EUR/USD,20180807 08:23:07.109,1.15803,1.15806
EUR/USD,20180807 08:28:07.155,1.15794,1.15796
EUR/USD,20180807 08:33:07.490,1.1578899999999999,1.15792
EUR/USD,20180807 08:38:09.386,1.15822,1.1582700000000001
EUR/USD,20180807 08:43:13.312,1.15859,1.15864
EUR/USD,20180807 08:48:13.674,1.1588200000000002,1.15885
EUR/USD,20180807 08:53:18.064,1.1589399999999999,1.15897
EUR/USD,20180807 08:58:26.329,1.15876,1.15879
EUR/USD,20180807 09:03:26.635,1.15906,1.1590799999999999
EUR/USD,20180807 09:08:32.902,1.15906,1.1591200000000002
EUR/USD,20180807 09:13:37.925,1.15883,1.15887
EUR/USD,20180807 09:18:42.494,1.1588200000000002,1.15887
EUR/USD,20180807 09:23:42.497,1.15893,1.15895
EUR/USD,20180807 09:28:47.790,1.15876,1.1588
EUR/USD,20180807 09:33:48.285,1.15903,1.15906
EUR/USD,20180807 09:38:49.387,1.15888,1.1589200000000002
EUR/USD,20180807 09:43:52.378,1.15904,1.15907
EUR/USD,20180807 09:48:52.634,1.15914,1.15916
EUR/USD,20180807 09:53:53.790,1.15913,1.15913
EUR/USD,20180807 09:58:54.129,1.15913,1.15916
EUR/USD,20180807 10:03:54.706,1.15887,1.1589
EUR/USD,20180807 10:08:57.464,1.15897,1.159
EUR/USD,20180807 10:14:00.173,1.1588200000000002,1.15883
EUR/USD,20180807 10:19:00.581,1.15849,1.15852
EUR/USD,20180807 10:24:00.874,1.15842,1.1584299999999998
EUR/USD,20180807 10:29:01.979,1.15875,1.15878
EUR/USD,20180807 10:34:03.060,1.1590799999999999,1.1591200000000002
EUR/USD,20180807 10:39:04.318,1.1590200000000002,1.15906
EUR/USD,20180807 10:44:10.850,1.15906,1.1590799999999999
EUR/USD,20180807 10:49:11.745,1.15934,1.15937
EUR/USD,20180807 10:54:12.695,1.15941,1.15943
EUR/USD,20180807 10:59:14.053,1.15971,1.15974
EUR/USD,20180807 11:04:14.608,1.15961,1.15965
EUR/USD,20180807 11:09:15.766,1.15933,1.15936
EUR/USD,20180807 11:14:18.126,1.15963,1.15965
EUR/USD,20180807 11:19:19.162,1.1598,1.15982
EUR/USD,20180807 11:24:22.923,1.15991,1.15993
EUR/USD,20180807 11:29:22.949,1.15949,1.15951
EUR/USD,20180807 11:34:23.792,1.15936,1.1593799999999999
EUR/USD,20180807 11:39:24.025,1.15914,1.15917
EUR/USD,20180807 11:44:26.383,1.15937,1.15939
EUR/USD,20180807 11:49:26.785,1.1597899999999999,1.1598
EUR/USD,20180807 11:54:27.404,1.15945,1.1594799999999998
EUR/USD,20180807 11:59:27.431,1.16022,1.16025
EUR/USD,20180807 12:04:27.504,1.1599899999999999,1.16003
EUR/USD,20180807 12:09:30.587,1.16011,1.16016
EUR/USD,20180807 12:14:34.662,1.16026,1.1603
EUR/USD,20180807 12:19:35.706,1.1596799999999998,1.15971
EUR/USD,20180807 12:24:36.666,1.1597600000000001,1.15977
EUR/USD,20180807 12:29:37.753,1.16005,1.16006
EUR/USD,20180807 12:34:39.346,1.16035,1.16039
EUR/USD,20180807 12:39:41.039,1.16038,1.16042
EUR/USD,20180807 12:44:43.967,1.1605,1.16054
EUR/USD,20180807 12:49:47.476,1.16058,1.16064
EUR/USD,20180807 12:54:55.330,1.16054,1.16057
EUR/USD,20180807 12:59:55.443,1.16036,1.16039
EUR/USD,20180807 13:04:55.628,1.16028,1.16031
EUR/USD,20180807 13:10:00.120,1.15998,1.16003
EUR/USD,20180807 13:15:00.618,1.1599700000000002,1.16
EUR/USD,20180807 13:20:00.632,1.1597899999999999,1.15983
EUR/USD,20180807 13:25:01.184,1.15965,1.1596799999999998
EUR/USD,20180807 13:30:01.823,1.15967,1.1596899999999999
EUR/USD,20180807 13:35:01.847,1.15937,1.1594
EUR/USD,20180807 13:40:01.865,1.1594799999999998,1.15951
EUR/USD,20180807 13:45:03.272,1.15957,1.15959
EUR/USD,20180807 13:50:04.042,1.1596600000000001,1.1596899999999999
EUR/USD,20180807 13:55:05.018,1.1599,1.15991
EUR/USD,20180807 14:00:05.704,1.1605,1.16052
EUR/USD,20180807 14:05:09.147,1.16004,1.1600700000000002
EUR/USD,20180807 14:10:09.477,1.1595,1.15954
EUR/USD,20180807 14:15:11.370,1.1594200000000001,1.15947
EUR/USD,20180807 14:20:11.598,1.15913,1.15916
EUR/USD,20180807 14:25:14.992,1.1587399999999999,1.15877
EUR/USD,20180807 14:30:15.170,1.1588,1.1588200000000002
EUR/USD,20180807 14:35:15.652,1.15905,1.15909
EUR/USD,20180807 14:40:18.541,1.15897,1.15901
EUR/USD,20180807 14:45:18.566,1.15866,1.1587
EUR/USD,20180807 14:50:18.707,1.15886,1.15889
EUR/USD,20180807 14:55:19.787,1.15899,1.1590200000000002
EUR/USD,20180807 15:00:20.137,1.1591799999999999,1.15919
EUR/USD,20180807 15:05:21.519,1.15901,1.15905
EUR/USD,20180807 15:10:27.861,1.15943,1.15947
EUR/USD,20180807 15:15:36.424,1.15949,1.15955
EUR/USD,20180807 15:20:38.082,1.15929,1.1593200000000001
EUR/USD,20180807 15:25:39.308,1.15951,1.15953
EUR/USD,20180807 15:30:40.471,1.15907,1.1591
EUR/USD,20180807 15:35:46.400,1.15915,1.15917
EUR/USD,20180807 15:40:46.489,1.15936,1.15939
EUR/USD,20180807 15:45:46.994,1.15943,1.15945
EUR/USD,20180807 15:50:50.740,1.15951,1.15955
EUR/USD,20180807 15:55:51.128,1.15957,1.15959
EUR/USD,20180807 16:00:51.412,1.15962,1.1596600000000001
EUR/USD,20180807 16:05:55.058,1.15951,1.15953
EUR/USD,20180807 16:10:59.246,1.15957,1.15962
EUR/USD,20180807 16:16:04.857,1.15925,1.15929
EUR/USD,20180807 16:21:04.971,1.1593,1.15933
EUR/USD,20180807 16:26:07.815,1.15924,1.15927
EUR/USD,20180807 16:31:12.088,1.15927,1.1593
EUR/USD,20180807 16:36:28.516,1.15923,1.15926
EUR/USD,20180807 16:41:36.012,1.15921,1.15924
EUR/USD,20180807 16:46:38.212,1.15921,1.15924
EUR/USD,20180807 16:51:38.222,1.15891,1.1589399999999999
EUR/USD,20180807 16:56:42.490,1.15946,1.15949
EUR/USD,20180807 17:01:46.458,1.15945,1.15947
EUR/USD,20180807 17:06:49.442,1.1592,1.15925
EUR/USD,20180807 17:11:50.929,1.15909,1.15911
EUR/USD,20180807 17:16:50.967,1.1589399999999999,1.15897
EUR/USD,20180807 17:21:51.976,1.15872,1.15875
EUR/USD,20180807 17:26:56.066,1.15873,1.15875
EUR/USD,20180807 17:31:59.538,1.15868,1.1587100000000001
EUR/USD,20180807 17:37:03.250,1.15876,1.15879
EUR/USD,20180807 17:42:05.863,1.15888,1.15891
EUR/USD,20180807 17:47:06.137,1.1586299999999998,1.15866
EUR/USD,20180807 17:52:07.222,1.15851,1.15854
EUR/USD,20180807 17:57:08.086,1.15866,1.15872
EUR/USD,20180807 18:02:08.834,1.15841,1.15845
EUR/USD,20180807 18:07:08.996,1.15828,1.1583
EUR/USD,20180807 18:12:11.654,1.15887,1.1589
EUR/USD,20180807 18:17:13.757,1.15865,1.15867
EUR/USD,20180807 18:22:14.898,1.1586,1.15864
EUR/USD,20180807 18:27:15.239,1.15876,1.15876
EUR/USD,20180807 18:32:24.526,1.15901,1.15905
EUR/USD,20180807 18:37:28.121,1.15914,1.15916
EUR/USD,20180807 18:42:29.569,1.15915,1.15921
EUR/USD,20180807 18:47:35.617,1.1592799999999999,1.1593200000000001
EUR/USD,20180807 18:52:38.840,1.15935,1.15937
EUR/USD,20180807 18:57:43.490,1.15933,1.15935
EUR/USD,20180807 19:02:45.919,1.15936,1.15941
EUR/USD,20180807 19:07:49.108,1.15947,1.15949
EUR/USD,20180807 19:12:49.698,1.15937,1.15941
EUR/USD,20180807 19:17:50.714,1.1595600000000001,1.1595799999999998
EUR/USD,20180807 19:23:00.641,1.15937,1.15941
EUR/USD,20180807 19:28:05.226,1.15971,1.15973
EUR/USD,20180807 19:33:18.625,1.15971,1.15977
EUR/USD,20180807 19:38:19.462,1.15962,1.1596600000000001
EUR/USD,20180807 19:43:21.345,1.1595799999999998,1.15962
EUR/USD,20180807 19:48:21.367,1.1598700000000002,1.1599
EUR/USD,20180807 19:53:23.706,1.1598700000000002,1.1598899999999999
EUR/USD,20180807 19:58:23.861,1.15965,1.1596899999999999
EUR/USD,20180807 20:03:27.493,1.1599,1.15993
EUR/USD,20180807 20:08:35.676,1.1598899999999999,1.15994
EUR/USD,20180807 20:13:35.694,1.15991,1.15994
EUR/USD,20180807 20:18:39.177,1.15988,1.15994
EUR/USD,20180807 20:23:48.177,1.1599,1.15994
EUR/USD,20180807 20:29:12.354,1.1598,1.15984
EUR/USD,20180807 20:34:15.649,1.15995,1.1599899999999999
EUR/USD,20180807 20:39:25.533,1.1597899999999999,1.15983
EUR/USD,20180807 20:44:33.227,1.15982,1.15984
EUR/USD,20180807 20:49:34.141,1.1598,1.15984
EUR/USD,20180807 20:54:49.919,1.1598,1.15985
EUR/USD,20180807 20:59:56.123,1.15977,1.15994
EUR/USD,20180807 21:05:06.695,1.15967,1.16001
EUR/USD,20180807 21:10:15.783,1.15961,1.1602
EUR/USD,20180807 21:15:51.493,1.15973,1.1599700000000002
EUR/USD,20180807 21:23:08.205,1.15977,1.16
EUR/USD,20180807 21:28:15.117,1.15977,1.1601299999999999
EUR/USD,20180807 21:33:21.937,1.15984,1.16
EUR/USD,20180807 21:38:55.017,1.1596799999999998,1.1597
EUR/USD,20180807 21:43:55.148,1.15964,1.1598600000000001
EUR/USD,20180807 21:48:55.200,1.1596,1.1597899999999999
EUR/USD,20180807 21:54:06.989,1.1596899999999999,1.15988
EUR/USD,20180807 21:59:15.298,1.15964,1.15973
EUR/USD,20180807 22:04:19.915,1.15981,1.1598600000000001
EUR/USD,20180807 22:09:20.021,1.15972,1.1597899999999999
EUR/USD,20180807 22:14:22.902,1.1597899999999999,1.15984
EUR/USD,20180807 22:19:35.647,1.15973,1.1597899999999999
EUR/USD,20180807 22:24:45.040,1.15977,1.15985
EUR/USD,20180807 22:29:49.561,1.15992,1.1599899999999999
EUR/USD,20180807 22:34:56.555,1.15972,1.1597899999999999
EUR/USD,20180807 22:40:02.659,1.1597899999999999,1.15983
EUR/USD,20180807 22:45:03.413,1.15985,1.1598899999999999
EUR/USD,20180807 22:50:20.445,1.1597600000000001,1.1597899999999999
EUR/USD,20180807 22:55:53.765,1.1598899999999999,1.15994
EUR/USD,20180807 23:00:56.886,1.16002,1.16005
EUR/USD,20180807 23:06:08.460,1.15993,1.1599700000000002
EUR/USD,20180807 23:11:17.893,1.15993,1.1599700000000002
EUR/USD,20180807 23:16:25.796,1.1601,1.16015
EUR/USD,20180807 23:21:28.818,1.16014,1.16019
EUR/USD,20180807 23:26:30.024,1.16031,1.1603299999999999
EUR/USD,20180807 23:31:46.321,1.16039,1.16042
EUR/USD,20180807 23:37:00.624,1.16036,1.1604
EUR/USD,20180807 23:42:02.407,1.16032,1.16038
EUR/USD,20180807 23:47:05.948,1.16026,1.16029
EUR/USD,20180807 23:52:07.774,1.1602,1.1602299999999999
EUR/USD,20180807 23:57:24.713,1.16024,1.16029
EUR/USD,20180808 00:02:26.042,1.16065,1.1607
EUR/USD,20180808 00:07:30.132,1.16066,1.1607
EUR/USD,20180808 00:12:30.191,1.16052,1.16055
EUR/USD,20180808 00:17:36.079,1.1603299999999999,1.16039
EUR/USD,20180808 00:22:44.781,1.16041,1.16044
EUR/USD,20180808 00:27:45.867,1.16041,1.16045
EUR/USD,20180808 00:32:46.675,1.16045,1.16049
EUR/USD,20180808 00:37:47.081,1.1603,1.1603299999999999
EUR/USD,20180808 00:42:57.672,1.16029,1.16032
EUR/USD,20180808 00:47:57.897,1.1601299999999999,1.1601700000000001
EUR/USD,20180808 00:53:02.738,1.16015,1.16018
EUR/USD,20180808 00:58:05.929,1.16006,1.16009
EUR/USD,20180808 01:03:06.807,1.16016,1.1602
EUR/USD,20180808 01:08:08.584,1.16011,1.1601299999999999
EUR/USD,20180808 01:13:08.845,1.16001,1.16005
EUR/USD,20180808 01:18:20.504,1.16004,1.16008
EUR/USD,20180808 01:23:23.157,1.1602299999999999,1.1602700000000001
EUR/USD,20180808 01:28:33.102,1.16015,1.16019
EUR/USD,20180808 01:33:33.586,1.16015,1.16019
EUR/USD,20180808 01:38:33.800,1.16087,1.1609
EUR/USD,20180808 01:43:36.023,1.16055,1.16058
EUR/USD,20180808 01:48:47.244,1.1605,1.16054
EUR/USD,20180808 01:53:50.164,1.16039,1.1604299999999999
EUR/USD,20180808 01:58:50.800,1.16058,1.1606100000000001
EUR/USD,20180808 02:03:56.074,1.16035,1.16039
EUR/USD,20180808 02:09:00.764,1.16038,1.1604299999999999
EUR/USD,20180808 02:14:01.701,1.16048,1.16049
EUR/USD,20180808 02:19:02.575,1.16042,1.16046
EUR/USD,20180808 02:24:04.462,1.16032,1.1603299999999999
EUR/USD,20180808 02:29:09.335,1.1603,1.16036
EUR/USD,20180808 02:34:13.551,1.16039,1.1604299999999999
EUR/USD,20180808 02:39:20.447,1.1607399999999999,1.16078
EUR/USD,20180808 02:44:20.588,1.16045,1.16048
EUR/USD,20180808 02:49:23.995,1.1605,1.16055
EUR/USD,20180808 02:54:24.079,1.16048,1.16051
EUR/USD,20180808 02:59:29.085,1.16048,1.16051
EUR/USD,20180808 03:04:33.929,1.16093,1.16096
EUR/USD,20180808 03:09:35.071,1.16188,1.16191
EUR/USD,20180808 03:14:35.530,1.16196,1.162
EUR/USD,20180808 03:19:37.175,1.16181,1.16184
EUR/USD,20180808 03:24:40.282,1.16184,1.1619
EUR/USD,20180808 03:29:45.980,1.16173,1.16175
EUR/USD,20180808 03:34:46.581,1.16178,1.16183
EUR/USD,20180808 03:39:50.907,1.16181,1.16185
EUR/USD,20180808 03:44:54.638,1.1618899999999999,1.16193
EUR/USD,20180808 03:50:20.500,1.16193,1.16195
EUR/USD,20180808 03:55:21.622,1.16188,1.16192
EUR/USD,20180808 04:00:21.988,1.16183,1.1618899999999999
EUR/USD,20180808 04:05:28.393,1.16183,1.1618700000000002
EUR/USD,20180808 04:10:31.231,1.16194,1.162
EUR/USD,20180808 04:15:32.026,1.1627299999999998,1.16278
EUR/USD,20180808 04:20:33.090,1.1625,1.16256
EUR/USD,20180808 04:25:44.242,1.16255,1.16259
EUR/USD,20180808 04:30:48.382,1.16246,1.16249
EUR/USD,20180808 04:35:51.339,1.16244,1.16246
EUR/USD,20180808 04:40:58.665,1.16244,1.16249
EUR/USD,20180808 04:46:03.191,1.16238,1.1624299999999999
EUR/USD,20180808 04:51:03.670,1.16238,1.16241
EUR/USD,20180808 04:56:11.900,1.16239,1.16242
EUR/USD,20180808 05:01:17.258,1.16226,1.16229
EUR/USD,20180808 05:06:18.162,1.16224,1.1622700000000001
EUR/USD,20180808 05:11:19.119,1.16246,1.16249
EUR/USD,20180808 05:16:21.370,1.16266,1.16269
EUR/USD,20180808 05:21:23.541,1.16249,1.16251
EUR/USD,20180808 05:26:30.842,1.16248,1.16251
EUR/USD,20180808 05:31:40.871,1.1622700000000001,1.16231
EUR/USD,20180808 05:36:41.187,1.16218,1.1622299999999999
EUR/USD,20180808 05:41:48.467,1.16222,1.16226
EUR/USD,20180808 05:46:50.400,1.16214,1.16216
EUR/USD,20180808 05:51:56.086,1.16195,1.1619899999999999
EUR/USD,20180808 05:56:58.032,1.1619899999999999,1.16203
EUR/USD,20180808 06:01:58.960,1.16161,1.16163
EUR/USD,20180808 06:06:59.854,1.16141,1.16143
EUR/USD,20180808 06:12:00.729,1.16171,1.16173
EUR/USD,20180808 06:17:02.587,1.16152,1.16155
EUR/USD,20180808 06:22:03.136,1.16129,1.1613200000000001
EUR/USD,20180808 06:27:05.867,1.16109,1.1611200000000002
EUR/USD,20180808 06:32:06.078,1.16123,1.16127
EUR/USD,20180808 06:37:10.517,1.16133,1.16137
EUR/USD,20180808 06:42:11.328,1.16123,1.16125
EUR/USD,20180808 06:47:11.964,1.1615,1.16152
EUR/USD,20180808 06:52:12.729,1.16151,1.16154
EUR/USD,20180808 06:57:16.048,1.16144,1.16147
EUR/USD,20180808 07:02:19.124,1.16131,1.16134
EUR/USD,20180808 07:07:22.872,1.16155,1.1615799999999998
EUR/USD,20180808 07:12:23.032,1.1623,1.1623299999999999
EUR/USD,20180808 07:17:23.866,1.16198,1.16201
EUR/USD,20180808 07:22:24.093,1.1622700000000001,1.16231
EUR/USD,20180808 07:27:24.582,1.16188,1.16192
EUR/USD,20180808 07:32:27.567,1.1618600000000001,1.16188
EUR/USD,20180808 07:37:27.742,1.16163,1.16167
EUR/USD,20180808 07:42:28.043,1.16193,1.16196
EUR/USD,20180808 07:47:29.554,1.16178,1.16181
EUR/USD,20180808 07:52:30.592,1.16143,1.16147
EUR/USD,20180808 07:57:30.841,1.1614799999999998,1.1615
EUR/USD,20180808 08:02:31.160,1.1607299999999998,1.16076
EUR/USD,20180808 08:07:31.843,1.1602,1.16022
EUR/USD,20180808 08:12:33.542,1.15993,1.15996
EUR/USD,20180808 08:17:33.665,1.15935,1.15939
EUR/USD,20180808 08:22:33.716,1.15869,1.1587100000000001
EUR/USD,20180808 08:27:33.798,1.15887,1.15889
EUR/USD,20180808 08:32:36.765,1.15905,1.1590799999999999
EUR/USD,20180808 08:37:38.135,1.15896,1.15899
EUR/USD,20180808 08:42:49.641,1.1592,1.15921
EUR/USD,20180808 08:47:50.116,1.1589399999999999,1.15896
EUR/USD,20180808 08:52:50.718,1.15899,1.15904
EUR/USD,20180808 08:57:51.765,1.1589200000000002,1.15895
EUR/USD,20180808 09:02:52.749,1.1589,1.1589399999999999
EUR/USD,20180808 09:07:55.398,1.1592,1.15924
EUR/USD,20180808 09:12:56.114,1.15955,1.15957
EUR/USD,20180808 09:17:57.093,1.15961,1.15964
EUR/USD,20180808 09:22:57.466,1.1595600000000001,1.1596
EUR/USD,20180808 09:27:57.836,1.1599,1.15994
EUR/USD,20180808 09:32:57.887,1.15954,1.1595799999999998
EUR/USD,20180808 09:37:58.905,1.15935,1.15937
EUR/USD,20180808 09:42:59.138,1.15933,1.15936
EUR/USD,20180808 09:48:00.752,1.15957,1.15961
EUR/USD,20180808 09:53:10.899,1.1598700000000002,1.15991
EUR/USD,20180808 09:58:11.692,1.1598899999999999,1.15991
EUR/USD,20180808 10:03:12.667,1.15945,1.15949
EUR/USD,20180808 10:08:14.447,1.15991,1.15995
EUR/USD,20180808 10:13:21.511,1.1596,1.15964
EUR/USD,20180808 10:18:21.696,1.15952,1.15955
EUR/USD,20180808 10:23:22.565,1.15954,1.15957
EUR/USD,20180808 10:28:22.779,1.15983,1.15985
EUR/USD,20180808 10:33:25.679,1.1600700000000002,1.16012
EUR/USD,20180808 10:38:28.260,1.16004,1.16009
EUR/USD,20180808 10:43:29.175,1.15985,1.15988
EUR/USD,20180808 10:48:30.412,1.15972,1.1597600000000001
EUR/USD,20180808 10:53:34.613,1.15952,1.15955
EUR/USD,20180808 10:58:36.628,1.15946,1.15947
EUR/USD,20180808 11:03:39.806,1.15945,1.1595
EUR/USD,20180808 11:08:44.541,1.15955,1.15959
EUR/USD,20180808 11:13:44.766,1.1596,1.15962
EUR/USD,20180808 11:18:44.768,1.15941,1.1594200000000001
EUR/USD,20180808 11:23:45.526,1.15915,1.15916
EUR/USD,20180808 11:28:48.104,1.1595,1.15952
EUR/USD,20180808 11:33:50.088,1.1597,1.15974
EUR/USD,20180808 11:38:51.089,1.15953,1.1595600000000001
EUR/USD,20180808 11:43:51.816,1.1594,1.15943
EUR/USD,20180808 11:49:03.053,1.15901,1.15904
EUR/USD,20180808 11:54:03.260,1.15873,1.15875
EUR/USD,20180808 11:59:04.500,1.1580700000000002,1.1581
EUR/USD,20180808 12:04:05.586,1.15866,1.15868
EUR/USD,20180808 12:09:06.327,1.1590200000000002,1.15905
EUR/USD,20180808 12:14:06.432,1.15907,1.15909
EUR/USD,20180808 12:19:08.082,1.15887,1.1589
EUR/USD,20180808 12:24:09.971,1.15845,1.15847
EUR/USD,20180808 12:29:10.103,1.15848,1.15851
EUR/USD,20180808 12:34:10.153,1.15844,1.15847
EUR/USD,20180808 12:39:10.247,1.15818,1.15819
EUR/USD,20180808 12:44:10.299,1.15759,1.15761
EUR/USD,20180808 12:49:14.295,1.1576799999999998,1.15771
EUR/USD,20180808 12:54:18.737,1.15788,1.1579
EUR/USD,20180808 12:59:18.765,1.1582299999999999,1.15826
EUR/USD,20180808 13:04:19.608,1.1582299999999999,1.15825
EUR/USD,20180808 13:09:19.852,1.15819,1.1582299999999999
EUR/USD,20180808 13:14:20.128,1.15842,1.15844
EUR/USD,20180808 13:19:21.266,1.1587100000000001,1.1587399999999999
EUR/USD,20180808 13:24:21.361,1.15929,1.15933
EUR/USD,20180808 13:29:22.546,1.15941,1.15944
EUR/USD,20180808 13:34:24.199,1.15933,1.15936
EUR/USD,20180808 13:39:24.558,1.15943,1.15946
EUR/USD,20180808 13:44:26.558,1.1595,1.15953
EUR/USD,20180808 13:49:28.250,1.15945,1.15947
EUR/USD,20180808 13:54:35.339,1.15924,1.15927
EUR/USD,20180808 13:59:35.540,1.1588100000000001,1.15883
EUR/USD,20180808 14:04:35.918,1.15946,1.1595
EUR/USD,20180808 14:09:36.205,1.15916,1.1592
EUR/USD,20180808 14:14:40.241,1.15879,1.1588200000000002
EUR/USD,20180808 14:19:40.386,1.15891,1.1589399999999999
EUR/USD,20180808 14:24:40.642,1.15898,1.15899
EUR/USD,20180808 14:29:41.018,1.15885,1.15888
EUR/USD,20180808 14:34:43.389,1.15911,1.15913
EUR/USD,20180808 14:39:45.060,1.15919,1.1592
EUR/USD,20180808 14:44:45.185,1.1595799999999998,1.15961
EUR/USD,20180808 14:49:46.483,1.15972,1.15974
EUR/USD,20180808 14:54:46.908,1.15982,1.15984
EUR/USD,20180808 14:59:46.952,1.16001,1.16005
EUR/USD,20180808 15:04:50.364,1.1602,1.1602299999999999
EUR/USD,20180808 15:09:51.775,1.16015,1.1601700000000001
EUR/USD,20180808 15:14:52.819,1.1608399999999999,1.16086
EUR/USD,20180808 15:19:55.031,1.16059,1.1606100000000001
EUR/USD,20180808 15:24:56.424,1.16022,1.1602299999999999
EUR/USD,20180808 15:29:58.275,1.16041,1.16044
EUR/USD,20180808 15:35:01.086,1.1606,1.16062
EUR/USD,20180808 15:40:01.143,1.16036,1.16038
EUR/USD,20180808 15:45:01.872,1.1600700000000002,1.1601
EUR/USD,20180808 15:50:03.191,1.1598899999999999,1.15993
EUR/USD,20180808 15:55:07.925,1.15995,1.1599899999999999
EUR/USD,20180808 16:00:08.098,1.1597899999999999,1.15981
EUR/USD,20180808 16:05:10.139,1.15992,1.15994
EUR/USD,20180808 16:10:11.653,1.1597600000000001,1.15978
EUR/USD,20180808 16:15:17.416,1.1595799999999998,1.15959
EUR/USD,20180808 16:20:17.472,1.15988,1.1598899999999999
EUR/USD,20180808 16:25:23.809,1.1596899999999999,1.15973
EUR/USD,20180808 16:30:24.127,1.15949,1.15952
EUR/USD,20180808 16:35:27.752,1.15944,1.15946
EUR/USD,20180808 16:40:30.095,1.15905,1.15909
EUR/USD,20180808 16:45:42.902,1.1592799999999999,1.15934
EUR/USD,20180808 16:50:44.208,1.15935,1.15939
EUR/USD,20180808 16:55:44.398,1.15926,1.1593
EUR/USD,20180808 17:00:49.113,1.15949,1.15951
EUR/USD,20180808 17:05:55.601,1.15959,1.15961
EUR/USD,20180808 17:10:55.998,1.15994,1.15998
EUR/USD,20180808 17:15:58.153,1.1601299999999999,1.16018
EUR/USD,20180808 17:21:00.506,1.16002,1.16006
EUR/USD,20180808 17:26:00.754,1.16021,1.1602299999999999
EUR/USD,20180808 17:31:02.186,1.1604,1.16044
EUR/USD,20180808 17:36:02.188,1.16021,1.1602299999999999
EUR/USD,20180808 17:41:04.190,1.1601,1.1601299999999999
EUR/USD,20180808 17:46:06.568,1.16035,1.1603700000000001
EUR/USD,20180808 17:51:15.883,1.1604,1.16045
EUR/USD,20180808 17:56:15.903,1.16067,1.1607
EUR/USD,20180808 18:01:16.508,1.16108,1.1611200000000002
EUR/USD,20180808 18:06:21.581,1.16136,1.16139
EUR/USD,20180808 18:11:22.007,1.1612200000000001,1.16123
EUR/USD,20180808 18:16:22.650,1.16163,1.16165
EUR/USD,20180808 18:21:24.356,1.16157,1.16162
EUR/USD,20180808 18:26:24.396,1.1614799999999998,1.16151
EUR/USD,20180808 18:31:27.014,1.16152,1.16155
EUR/USD,20180808 18:36:27.014,1.16163,1.1616799999999998
EUR/USD,20180808 18:41:27.115,1.16169,1.16172
EUR/USD,20180808 18:46:31.771,1.16174,1.1617899999999999
EUR/USD,20180808 18:51:36.223,1.16188,1.16195
EUR/USD,20180808 18:56:39.699,1.1619,1.16193
EUR/USD,20180808 19:01:41.105,1.16183,1.1618600000000001
EUR/USD,20180808 19:06:45.340,1.16169,1.16171
EUR/USD,20180808 19:11:53.646,1.16167,1.16172
EUR/USD,20180808 19:16:54.490,1.16169,1.16171
EUR/USD,20180808 19:21:54.988,1.16152,1.1615799999999998
EUR/USD,20180808 19:26:55.025,1.16159,1.16163
EUR/USD,20180808 19:31:55.445,1.16157,1.16162
EUR/USD,20180808 19:37:00.517,1.1615799999999998,1.16162
EUR/USD,20180808 19:42:01.509,1.16145,1.16147
EUR/USD,20180808 19:47:04.460,1.1614200000000001,1.1614799999999998
EUR/USD,20180808 19:52:06.670,1.16134,1.16137
EUR/USD,20180808 19:57:22.601,1.1613200000000001,1.16133
EUR/USD,20180808 20:02:22.631,1.1613799999999999,1.16141
EUR/USD,20180808 20:07:25.195,1.16137,1.16143
EUR/USD,20180808 20:12:26.206,1.1612799999999999,1.16133
EUR/USD,20180808 20:17:29.091,1.1614200000000001,1.16147
EUR/USD,20180808 20:23:06.300,1.1613799999999999,1.1614
EUR/USD,20180808 20:28:13.829,1.16133,1.16137
EUR/USD,20180808 20:33:29.968,1.16134,1.1614
EUR/USD,20180808 20:38:40.721,1.16124,1.16129
EUR/USD,20180808 20:43:44.728,1.16126,1.1613
EUR/USD,20180808 20:48:57.646,1.16111,1.16115
EUR/USD,20180808 20:53:59.974,1.16101,1.16104
EUR/USD,20180808 20:59:02.468,1.16098,1.16103
EUR/USD,20180808 21:04:21.092,1.1611200000000002,1.1616600000000001
EUR/USD,20180808 21:09:23.114,1.16115,1.16144
EUR/USD,20180808 21:14:31.376,1.16115,1.16149
EUR/USD,20180808 21:19:37.935,1.16113,1.16121
EUR/USD,20180808 21:24:38.047,1.16121,1.16127
EUR/USD,20180808 21:29:47.733,1.1612200000000001,1.16123
EUR/USD,20180808 21:34:59.270,1.16108,1.16121
EUR/USD,20180808 21:40:16.355,1.16104,1.1612200000000001
EUR/USD,20180808 21:45:19.375,1.1611,1.16127
EUR/USD,20180808 21:50:20.084,1.16114,1.16123
EUR/USD,20180808 21:55:26.769,1.1613200000000001,1.1614
EUR/USD,20180808 22:00:30.462,1.16115,1.1612
EUR/USD,20180808 22:05:38.692,1.1613200000000001,1.16136
EUR/USD,20180808 22:10:43.183,1.16141,1.1614799999999998
EUR/USD,20180808 22:16:11.458,1.16141,1.16147
EUR/USD,20180808 22:21:16.132,1.16146,1.16149
EUR/USD,20180808 22:26:20.391,1.16141,1.16146
EUR/USD,20180808 22:31:25.764,1.16121,1.1612799999999999
EUR/USD,20180808 22:36:36.839,1.16131,1.16139
EUR/USD,20180808 22:42:02.720,1.1613200000000001,1.16137
EUR/USD,20180808 22:47:09.460,1.16123,1.1612799999999999
EUR/USD,20180808 22:52:09.675,1.16131,1.16136
EUR/USD,20180808 22:57:17.278,1.16126,1.16131
EUR/USD,20180808 23:02:27.893,1.16116,1.1612200000000001
EUR/USD,20180808 23:07:30.053,1.16116,1.1612
EUR/USD,20180808 23:12:41.065,1.16111,1.16119
EUR/USD,20180808 23:17:41.788,1.16108,1.1611200000000002
EUR/USD,20180808 23:22:44.078,1.16116,1.16119
EUR/USD,20180808 23:27:46.222,1.1611200000000002,1.16119
EUR/USD,20180808 23:32:46.662,1.16117,1.16123
EUR/USD,20180808 23:38:07.852,1.16119,1.16121
EUR/USD,20180808 23:43:17.133,1.16106,1.16111
EUR/USD,20180808 23:48:17.487,1.16101,1.16106
EUR/USD,20180808 23:54:04.117,1.16097,1.16101
EUR/USD,20180808 23:59:07.786,1.16103,1.16104
EUR/USD,20180809 00:04:09.533,1.1611200000000002,1.16115
EUR/USD,20180809 00:09:13.921,1.16107,1.1611200000000002
EUR/USD,20180809 00:14:15.253,1.16075,1.16077
EUR/USD,20180809 00:19:18.422,1.1607100000000001,1.1607399999999999
EUR/USD,20180809 00:24:34.800,1.1606100000000001,1.16065
EUR/USD,20180809 00:30:00.389,1.16062,1.16066
EUR/USD,20180809 00:35:06.088,1.16077,1.16082
EUR/USD,20180809 00:40:07.080,1.16076,1.16079
EUR/USD,20180809 00:45:07.511,1.16083,1.16085
EUR/USD,20180809 00:50:08.312,1.1608,1.1608100000000001
EUR/USD,20180809 00:55:17.867,1.16067,1.1607100000000001
EUR/USD,20180809 01:00:21.616,1.16077,1.1608
EUR/USD,20180809 01:05:22.212,1.16079,1.16082
EUR/USD,20180809 01:10:39.093,1.16093,1.16097
EUR/USD,20180809 01:15:39.198,1.16097,1.16101
EUR/USD,20180809 01:20:39.232,1.16077,1.1608
EUR/USD,20180809 01:25:39.567,1.16028,1.16032
EUR/USD,20180809 01:30:40.042,1.16059,1.16062
EUR/USD,20180809 01:35:40.333,1.16019,1.16021
EUR/USD,20180809 01:40:40.947,1.16045,1.16048
EUR/USD,20180809 01:45:42.918,1.16065,1.16067
EUR/USD,20180809 01:50:43.949,1.1607100000000001,1.16072
EUR/USD,20180809 01:55:47.886,1.1606100000000001,1.16064
EUR/USD,20180809 02:00:49.558,1.1608,1.16083
EUR/USD,20180809 02:05:50.897,1.16089,1.1609200000000002
EUR/USD,20180809 02:10:54.977,1.1609200000000002,1.16096
EUR/USD,20180809 02:15:56.024,1.16099,1.16103
EUR/USD,20180809 02:20:56.851,1.1611799999999999,1.1612200000000001
EUR/USD,20180809 02:26:01.451,1.1611,1.1611200000000002
EUR/USD,20180809 02:31:02.058,1.16127,1.1613
EUR/USD,20180809 02:36:06.636,1.16155,1.16159
EUR/USD,20180809 02:41:08.150,1.16164,1.16167
EUR/USD,20180809 02:46:09.460,1.16172,1.16177
EUR/USD,20180809 02:51:10.251,1.16162,1.1616600000000001
EUR/USD,20180809 02:56:14.579,1.1614200000000001,1.16145
EUR/USD,20180809 03:01:15.612,1.16159,1.16161
EUR/USD,20180809 03:06:15.664,1.16172,1.16174
EUR/USD,20180809 03:11:17.814,1.1618600000000001,1.1618899999999999
EUR/USD,20180809 03:16:18.367,1.16163,1.1616600000000001
EUR/USD,20180809 03:21:22.163,1.16157,1.16162
EUR/USD,20180809 03:26:35.984,1.16147,1.16152
EUR/USD,20180809 03:31:44.905,1.16147,1.16154
EUR/USD,20180809 03:36:45.045,1.16152,1.16154
EUR/USD,20180809 03:41:50.715,1.16149,1.16155
EUR/USD,20180809 03:46:56.360,1.1615799999999998,1.16161
EUR/USD,20180809 03:52:03.431,1.16153,1.1615799999999998
EUR/USD,20180809 03:57:59.553,1.16157,1.16162
EUR/USD,20180809 04:03:00.774,1.16156,1.16161
EUR/USD,20180809 04:08:00.987,1.1614,1.16143
EUR/USD,20180809 04:13:23.336,1.1613799999999999,1.1614200000000001
EUR/USD,20180809 04:18:36.623,1.16127,1.1613200000000001
EUR/USD,20180809 04:23:36.623,1.16137,1.1614200000000001
EUR/USD,20180809 04:28:44.890,1.16153,1.16157
EUR/USD,20180809 04:33:45.023,1.1614200000000001,1.16146
EUR/USD,20180809 04:38:45.865,1.16125,1.1612799999999999
EUR/USD,20180809 04:43:54.932,1.16129,1.16134
EUR/USD,20180809 04:49:25.731,1.16108,1.16111
EUR/USD,20180809 04:54:25.947,1.16076,1.16079
EUR/USD,20180809 04:59:25.975,1.16068,1.1607
EUR/USD,20180809 05:04:26.076,1.1603,1.1603299999999999
EUR/USD,20180809 05:09:26.349,1.16035,1.16038
EUR/USD,20180809 05:14:34.280,1.16056,1.1606
EUR/USD,20180809 05:19:37.096,1.16042,1.16045
EUR/USD,20180809 05:24:38.092,1.16058,1.1606100000000001
EUR/USD,20180809 05:29:44.432,1.16059,1.16064
EUR/USD,20180809 05:34:45.062,1.1607399999999999,1.16077
EUR/USD,20180809 05:39:49.613,1.16075,1.16078
EUR/USD,20180809 05:44:52.705,1.1607100000000001,1.16075
EUR/USD,20180809 05:49:53.478,1.16078,1.1608100000000001
EUR/USD,20180809 05:54:59.330,1.16075,1.16077
EUR/USD,20180809 06:00:00.299,1.16116,1.16119
EUR/USD,20180809 06:05:02.795,1.16099,1.1610200000000002
EUR/USD,20180809 06:10:03.051,1.16119,1.16124
EUR/USD,20180809 06:15:03.160,1.16144,1.16147
EUR/USD,20180809 06:20:05.073,1.16135,1.16136
EUR/USD,20180809 06:25:08.018,1.16096,1.161
EUR/USD,20180809 06:30:09.900,1.1607,1.16072
EUR/USD,20180809 06:35:10.904,1.1602,1.16024
EUR/USD,20180809 06:40:14.004,1.1605,1.16054
EUR/USD,20180809 06:45:14.119,1.16004,1.16008
EUR/USD,20180809 06:50:14.157,1.16014,1.1601700000000001
EUR/USD,20180809 06:55:14.564,1.16022,1.16025
EUR/USD,20180809 07:00:15.809,1.16025,1.1602700000000001
EUR/USD,20180809 07:05:15.897,1.15975,1.1597899999999999
EUR/USD,20180809 07:10:17.510,1.15941,1.15944
EUR/USD,20180809 07:15:17.695,1.15899,1.15901
EUR/USD,20180809 07:20:18.509,1.15886,1.1589
EUR/USD,20180809 07:25:20.425,1.15888,1.1589
EUR/USD,20180809 07:30:20.687,1.1584,1.1584299999999998
EUR/USD,20180809 07:35:21.913,1.1579700000000002,1.1579899999999999
EUR/USD,20180809 07:40:26.031,1.15825,1.15829
EUR/USD,20180809 07:45:26.092,1.15839,1.15844
EUR/USD,20180809 07:50:27.866,1.15847,1.15851
EUR/USD,20180809 07:55:28.305,1.15869,1.15872
EUR/USD,20180809 08:00:28.643,1.15844,1.15847
EUR/USD,20180809 08:05:29.204,1.15868,1.1587100000000001
EUR/USD,20180809 08:10:29.431,1.15905,1.15909
EUR/USD,20180809 08:15:29.960,1.15872,1.15876
EUR/USD,20180809 08:20:31.031,1.1589200000000002,1.1589399999999999
EUR/USD,20180809 08:25:32.674,1.1584299999999998,1.15847
EUR/USD,20180809 08:30:33.202,1.15854,1.15857
EUR/USD,20180809 08:35:33.483,1.15847,1.15849
EUR/USD,20180809 08:40:33.772,1.15852,1.1585299999999998
EUR/USD,20180809 08:45:33.820,1.1588100000000001,1.15883
EUR/USD,20180809 08:50:33.832,1.15875,1.15879
EUR/USD,20180809 08:55:35.867,1.15893,1.15895
EUR/USD,20180809 09:00:36.059,1.15931,1.15936
EUR/USD,20180809 09:05:37.149,1.15915,1.1591799999999999
EUR/USD,20180809 09:10:41.836,1.15899,1.1590200000000002
EUR/USD,20180809 09:15:42.787,1.1588399999999999,1.15886
EUR/USD,20180809 09:20:42.788,1.15879,1.1588200000000002
EUR/USD,20180809 09:25:43.156,1.15926,1.1592799999999999
EUR/USD,20180809 09:30:49.384,1.1596,1.15962
EUR/USD,20180809 09:35:53.667,1.15946,1.1594799999999998
EUR/USD,20180809 09:40:54.179,1.15952,1.15955
EUR/USD,20180809 09:45:55.636,1.15975,1.15978
EUR/USD,20180809 09:50:56.986,1.1595799999999998,1.1596
EUR/USD,20180809 09:55:57.083,1.1591799999999999,1.15919
EUR/USD,20180809 10:01:00.876,1.15945,1.1595
EUR/USD,20180809 10:06:06.014,1.15959,1.15963
EUR/USD,20180809 10:11:06.571,1.1598700000000002,1.1598899999999999
EUR/USD,20180809 10:16:07.201,1.16008,1.16011
EUR/USD,20180809 10:21:10.995,1.16054,1.1606
EUR/USD,20180809 10:26:13.288,1.16026,1.16029
EUR/USD,20180809 10:31:13.314,1.16008,1.1601
EUR/USD,20180809 10:36:14.626,1.15965,1.1596799999999998
EUR/USD,20180809 10:41:17.411,1.15996,1.1599899999999999
EUR/USD,20180809 10:46:20.081,1.1596,1.15964
EUR/USD,20180809 10:51:25.926,1.1597600000000001,1.1598
EUR/USD,20180809 10:56:26.207,1.15949,1.15951
EUR/USD,20180809 11:01:26.572,1.1592799999999999,1.1593
EUR/USD,20180809 11:06:28.861,1.15927,1.1593
EUR/USD,20180809 11:11:33.727,1.15929,1.1593200000000001
EUR/USD,20180809 11:16:35.994,1.159,1.1590200000000002
EUR/USD,20180809 11:21:41.680,1.15886,1.1589
EUR/USD,20180809 11:26:43.504,1.15933,1.15936
EUR/USD,20180809 11:31:45.395,1.15931,1.15935
EUR/USD,20180809 11:36:49.863,1.15941,1.15944
EUR/USD,20180809 11:41:51.070,1.1594799999999998,1.15951
EUR/USD,20180809 11:46:53.912,1.1592200000000001,1.15926
EUR/USD,20180809 11:51:55.147,1.1591200000000002,1.15916
EUR/USD,20180809 11:57:00.102,1.1589200000000002,1.15895
EUR/USD,20180809 12:02:02.184,1.15886,1.15888
EUR/USD,20180809 12:07:03.204,1.15923,1.15926
EUR/USD,20180809 12:12:03.309,1.15931,1.15934
EUR/USD,20180809 12:17:08.590,1.15926,1.15931
EUR/USD,20180809 12:22:08.670,1.1593200000000001,1.15935
EUR/USD,20180809 12:27:10.657,1.15931,1.15935
EUR/USD,20180809 12:32:12.891,1.15967,1.1596899999999999
EUR/USD,20180809 12:37:13.088,1.15946,1.15949
EUR/USD,20180809 12:42:13.739,1.1594799999999998,1.15952
EUR/USD,20180809 12:47:13.778,1.15916,1.15917
EUR/USD,20180809 12:52:14.507,1.15924,1.15925
EUR/USD,20180809 12:57:17.084,1.15949,1.15954
EUR/USD,20180809 13:02:17.606,1.15963,1.1596600000000001
EUR/USD,20180809 13:07:22.330,1.15951,1.15954
EUR/USD,20180809 13:12:24.461,1.1591200000000002,1.15914
EUR/USD,20180809 13:17:28.948,1.15885,1.15887
EUR/USD,20180809 13:22:31.486,1.1591799999999999,1.15921
EUR/USD,20180809 13:27:32.295,1.1591200000000002,1.15914
EUR/USD,20180809 13:32:32.645,1.1592,1.1592200000000001
EUR/USD,20180809 13:37:32.803,1.15904,1.15909
EUR/USD,20180809 13:42:32.842,1.15864,1.15867
EUR/USD,20180809 13:47:38.099,1.15887,1.15891
EUR/USD,20180809 13:52:38.214,1.1590200000000002,1.15904
EUR/USD,20180809 13:57:44.858,1.15906,1.1591
EUR/USD,20180809 14:02:46.145,1.15896,1.15899
EUR/USD,20180809 14:07:46.167,1.15926,1.15929
EUR/USD,20180809 14:12:46.543,1.15915,1.15919
EUR/USD,20180809 14:17:48.679,1.15919,1.15923
EUR/USD,20180809 14:22:51.618,1.15879,1.1588200000000002
EUR/USD,20180809 14:27:52.599,1.15831,1.1583299999999999
EUR/USD,20180809 14:32:56.075,1.15822,1.15825
EUR/USD,20180809 14:37:57.021,1.15816,1.15819
EUR/USD,20180809 14:42:57.043,1.15803,1.15806
EUR/USD,20180809 14:47:57.605,1.15796,1.1579899999999999
EUR/USD,20180809 14:52:57.632,1.1579,1.15791
EUR/USD,20180809 14:57:57.641,1.15709,1.15711
EUR/USD,20180809 15:03:01.364,1.15725,1.1572799999999999
EUR/USD,20180809 15:08:04.097,1.15719,1.1572200000000001
EUR/USD,20180809 15:13:04.482,1.15647,1.15649
EUR/USD,20180809 15:18:08.634,1.15697,1.15701
EUR/USD,20180809 15:23:09.062,1.15665,1.15666
EUR/USD,20180809 15:28:09.492,1.15706,1.15713
EUR/USD,20180809 15:33:09.791,1.15725,1.1572799999999999
EUR/USD,20180809 15:38:10.067,1.1569200000000002,1.1569399999999999
EUR/USD,20180809 15:43:13.467,1.15723,1.15726
EUR/USD,20180809 15:48:13.471,1.15655,1.15658
EUR/USD,20180809 15:53:13.822,1.1562700000000001,1.15632
EUR/USD,20180809 15:58:17.287,1.1567100000000001,1.1567399999999999
EUR/USD,20180809 16:03:19.486,1.1560700000000002,1.15609
EUR/USD,20180809 16:08:22.016,1.15644,1.15646
EUR/USD,20180809 16:13:23.085,1.15578,1.15582
EUR/USD,20180809 16:18:24.456,1.15593,1.1559700000000002
EUR/USD,20180809 16:23:26.341,1.1563,1.1563299999999999
EUR/USD,20180809 16:28:33.930,1.15668,1.15672
EUR/USD,20180809 16:33:35.848,1.15634,1.15636
EUR/USD,20180809 16:38:36.400,1.1562700000000001,1.15628
EUR/USD,20180809 16:43:41.673,1.15588,1.15592
EUR/USD,20180809 16:48:41.757,1.15581,1.15583
EUR/USD,20180809 16:53:42.623,1.15593,1.1559700000000002
EUR/USD,20180809 16:58:48.426,1.1556600000000001,1.1556799999999998
EUR/USD,20180809 17:03:50.345,1.15555,1.1555799999999998
EUR/USD,20180809 17:08:52.446,1.1550799999999999,1.15509
EUR/USD,20180809 17:13:52.504,1.15524,1.15527
EUR/USD,20180809 17:18:53.021,1.15523,1.15527
EUR/USD,20180809 17:23:58.508,1.15526,1.1553
EUR/USD,20180809 17:29:01.404,1.15555,1.15559
EUR/USD,20180809 17:34:02.851,1.15551,1.15554
EUR/USD,20180809 17:39:02.860,1.1554799999999998,1.15552
EUR/USD,20180809 17:44:09.433,1.15553,1.15555
EUR/USD,20180809 17:49:09.851,1.1555600000000001,1.15559
EUR/USD,20180809 17:54:15.397,1.15581,1.15583
EUR/USD,20180809 17:59:15.737,1.1558,1.15583
EUR/USD,20180809 18:04:16.363,1.1555,1.15554
EUR/USD,20180809 18:09:20.069,1.15546,1.1555
EUR/USD,20180809 18:14:22.338,1.15527,1.1553
EUR/USD,20180809 18:19:26.609,1.1551799999999999,1.15523
EUR/USD,20180809 18:24:27.073,1.1552,1.15524
EUR/USD,20180809 18:29:27.288,1.1550200000000002,1.1550799999999999
EUR/USD,20180809 18:34:27.341,1.1553,1.1553200000000001
EUR/USD,20180809 18:39:31.354,1.15546,1.15547
EUR/USD,20180809 18:44:31.743,1.15536,1.1554
EUR/USD,20180809 18:49:33.422,1.15511,1.15513
EUR/USD,20180809 18:54:33.571,1.15499,1.15503
EUR/USD,20180809 18:59:33.591,1.15425,1.15429
EUR/USD,20180809 19:04:36.204,1.15432,1.15434
EUR/USD,20180809 19:09:36.301,1.1537899999999999,1.15383
EUR/USD,20180809 19:14:37.904,1.1537899999999999,1.15386
EUR/USD,20180809 19:19:38.514,1.15402,1.15406
EUR/USD,20180809 19:24:39.068,1.1536,1.1536600000000001
EUR/USD,20180809 19:29:41.941,1.15386,1.1539
EUR/USD,20180809 19:34:42.990,1.15377,1.15378
EUR/USD,20180809 19:39:44.856,1.15354,1.15359
EUR/USD,20180809 19:44:45.013,1.15324,1.15327
EUR/USD,20180809 19:49:47.660,1.1532200000000001,1.15324
EUR/USD,20180809 19:54:48.506,1.1532200000000001,1.15323
EUR/USD,20180809 19:59:48.510,1.15285,1.15288
EUR/USD,20180809 20:04:50.618,1.15315,1.15315
EUR/USD,20180809 20:09:58.734,1.15321,1.15324
EUR/USD,20180809 20:14:58.778,1.15324,1.15327
EUR/USD,20180809 20:20:03.642,1.15296,1.153
EUR/USD,20180809 20:25:03.946,1.1528100000000001,1.1528399999999999
EUR/USD,20180809 20:30:04.148,1.15301,1.1530200000000002
EUR/USD,20180809 20:35:04.645,1.15305,1.15309
EUR/USD,20180809 20:40:14.194,1.15298,1.153
EUR/USD,20180809 20:45:25.058,1.1529399999999999,1.15298
EUR/USD,20180809 20:50:25.176,1.1528100000000001,1.15286
EUR/USD,20180809 20:55:26.613,1.15299,1.15303
EUR/USD,20180809 21:00:28.013,1.15265,1.15278
EUR/USD,20180809 21:05:55.273,1.1528,1.1531200000000001
EUR/USD,20180809 21:11:12.819,1.15267,1.15285
EUR/USD,20180809 21:16:30.204,1.1527399999999999,1.1529200000000002
EUR/USD,20180809 21:21:39.305,1.1526399999999999,1.15293
EUR/USD,20180809 21:26:39.720,1.15256,1.1528200000000002
EUR/USD,20180809 21:31:39.973,1.1526,1.15275
EUR/USD,20180809 21:36:43.022,1.15277,1.1528399999999999
EUR/USD,20180809 21:41:45.852,1.15252,1.1530200000000002
EUR/USD,20180809 21:47:01.200,1.15283,1.15297
EUR/USD,20180809 21:52:08.684,1.15283,1.15297
EUR/USD,20180809 21:57:18.845,1.1527399999999999,1.15285
EUR/USD,20180809 22:02:28.165,1.15277,1.15283
EUR/USD,20180809 22:07:31.413,1.1529399999999999,1.15298
EUR/USD,20180809 22:12:34.027,1.1528100000000001,1.15286
EUR/USD,20180809 22:17:38.173,1.15278,1.1528399999999999
EUR/USD,20180809 22:22:46.932,1.1528100000000001,1.15286
EUR/USD,20180809 22:28:06.091,1.15288,1.1529200000000002
EUR/USD,20180809 22:33:07.301,1.15276,1.15279
EUR/USD,20180809 22:38:22.300,1.15266,1.1527
EUR/USD,20180809 22:43:23.555,1.15224,1.15228
EUR/USD,20180809 22:48:24.830,1.15226,1.15231
EUR/USD,20180809 22:53:25.609,1.15229,1.15229
EUR/USD,20180809 22:58:25.939,1.15201,1.15205
EUR/USD,20180809 23:03:27.572,1.15201,1.15204
EUR/USD,20180809 23:08:28.380,1.15183,1.1518899999999999
EUR/USD,20180809 23:13:42.509,1.15188,1.15193
EUR/USD,20180809 23:18:46.384,1.15215,1.15222
EUR/USD,20180809 23:23:57.405,1.15226,1.1523
EUR/USD,20180809 23:29:01.176,1.1520000000000001,1.15205
EUR/USD,20180809 23:34:05.282,1.15188,1.15194
EUR/USD,20180809 23:39:16.440,1.15226,1.15229
EUR/USD,20180809 23:44:17.546,1.15209,1.15216
EUR/USD,20180809 23:49:22.648,1.1521,1.15215
EUR/USD,20180809 23:54:24.060,1.15212,1.15215
EUR/USD,20180809 23:59:25.299,1.15236,1.15238
EUR/USD,20180810 00:04:36.325,1.15241,1.15248
EUR/USD,20180810 00:09:36.425,1.15216,1.1522
EUR/USD,20180810 00:14:38.406,1.15247,1.15249
