EUR/USD,20140101 21:55:34.378,1.37622,1.37693
EUR/USD,20140101 22:03:02.437,1.3751799999999998,1.3759299999999999
EUR/USD,20140101 22:08:57.963,1.3756,1.37624
EUR/USD,20140101 22:14:06.793,1.37529,1.3754899999999999
EUR/USD,20140101 22:19:20.095,1.37473,1.37552
EUR/USD,20140101 22:24:20.606,1.3754600000000001,1.37614
EUR/USD,20140101 22:30:04.323,1.37505,1.37531
EUR/USD,20140101 22:35:11.542,1.37555,1.37591
EUR/USD,20140101 22:40:15.659,1.37531,1.3755600000000001
EUR/USD,20140101 22:45:16.605,1.37524,1.37543
EUR/USD,20140101 22:50:19.690,1.37548,1.3756
EUR/USD,20140101 22:55:44.177,1.3753799999999998,1.3757700000000002
EUR/USD,20140101 23:00:52.606,1.37635,1.3765100000000001
EUR/USD,20140101 23:06:06.008,1.37625,1.3765
EUR/USD,20140101 23:11:38.607,1.37657,1.37686
EUR/USD,20140101 23:16:51.543,1.37693,1.37722
EUR/USD,20140101 23:21:57.043,1.37685,1.37696
EUR/USD,20140101 23:27:15.410,1.37653,1.3768
EUR/USD,20140101 23:32:15.617,1.3764399999999999,1.3766200000000002
EUR/USD,20140101 23:37:27.963,1.37685,1.37701
EUR/USD,20140101 23:42:40.012,1.3765100000000001,1.3767200000000002
EUR/USD,20140101 23:48:00.338,1.37632,1.3765399999999999
EUR/USD,20140101 23:53:13.294,1.37627,1.37646
EUR/USD,20140101 23:58:18.209,1.3767200000000002,1.37689
EUR/USD,20140102 00:03:28.607,1.3768,1.3769999999999998
EUR/USD,20140102 00:08:37.965,1.37647,1.37668
EUR/USD,20140102 00:13:39.004,1.37659,1.3767399999999999
EUR/USD,20140102 00:18:39.407,1.37629,1.37634
EUR/USD,20140102 00:23:39.571,1.37629,1.37648
EUR/USD,20140102 00:28:52.964,1.37615,1.37632
EUR/USD,20140102 00:33:53.794,1.37596,1.37602
EUR/USD,20140102 00:38:58.705,1.37599,1.37609
EUR/USD,20140102 00:44:05.038,1.37604,1.3761700000000001
EUR/USD,20140102 00:49:32.010,1.37625,1.37628
EUR/USD,20140102 00:54:32.311,1.37626,1.37628
EUR/USD,20140102 00:59:34.206,1.37621,1.3762299999999998
EUR/USD,20140102 01:04:44.793,1.37598,1.37612
EUR/USD,20140102 01:09:50.505,1.37601,1.37614
EUR/USD,20140102 01:14:50.606,1.3758,1.3759
EUR/USD,20140102 01:20:36.112,1.3756700000000002,1.3757700000000002
EUR/USD,20140102 01:25:36.144,1.37551,1.37562
EUR/USD,20140102 01:30:36.392,1.37507,1.37517
EUR/USD,20140102 01:35:50.710,1.37522,1.37531
EUR/USD,20140102 01:40:57.396,1.3755700000000002,1.3756700000000002
EUR/USD,20140102 01:45:58.206,1.37636,1.3765
EUR/USD,20140102 01:51:07.963,1.3764,1.3765100000000001
EUR/USD,20140102 01:56:57.506,1.37642,1.3765399999999999
EUR/USD,20140102 02:02:02.963,1.37611,1.37628
EUR/USD,20140102 02:07:24.994,1.37609,1.37624
EUR/USD,20140102 02:12:30.005,1.37628,1.3764299999999998
EUR/USD,20140102 02:17:31.499,1.37659,1.3767200000000002
EUR/USD,20140102 02:22:32.588,1.37666,1.37675
EUR/USD,20140102 02:27:33.392,1.37646,1.37653
EUR/USD,20140102 02:32:38.862,1.3764,1.37649
EUR/USD,20140102 02:37:47.963,1.37658,1.37665
EUR/USD,20140102 02:42:51.045,1.3766,1.3766200000000002
EUR/USD,20140102 02:47:51.509,1.37665,1.37673
EUR/USD,20140102 02:52:54.210,1.37657,1.3766399999999999
EUR/USD,20140102 02:58:38.440,1.37659,1.37668
EUR/USD,20140102 03:03:46.812,1.37652,1.3766100000000001
EUR/USD,20140102 03:08:55.776,1.37675,1.37683
EUR/USD,20140102 03:13:57.237,1.37739,1.3774899999999999
EUR/USD,20140102 03:19:22.199,1.3768,1.37694
EUR/USD,20140102 03:24:27.963,1.37679,1.3769200000000001
EUR/USD,20140102 03:29:40.711,1.3767,1.37679
EUR/USD,20140102 03:34:46.646,1.37656,1.3766399999999999
EUR/USD,20140102 03:40:01.813,1.3764100000000001,1.37646
EUR/USD,20140102 03:45:10.109,1.37636,1.3764299999999998
EUR/USD,20140102 03:51:02.945,1.37637,1.37645
EUR/USD,20140102 03:56:21.206,1.37666,1.37678
EUR/USD,20140102 04:01:30.909,1.37637,1.37648
EUR/USD,20140102 04:06:31.612,1.3762299999999998,1.3763
EUR/USD,20140102 04:11:32.792,1.37609,1.37618
EUR/USD,20140102 04:16:35.609,1.37573,1.37581
EUR/USD,20140102 04:21:39.410,1.37533,1.37543
EUR/USD,20140102 04:26:49.279,1.3753600000000001,1.37547
EUR/USD,20140102 04:31:50.192,1.3752799999999998,1.37541
EUR/USD,20140102 04:37:23.011,1.37526,1.37533
EUR/USD,20140102 04:42:23.816,1.3752799999999998,1.37534
EUR/USD,20140102 04:47:26.105,1.37493,1.3750200000000001
EUR/USD,20140102 04:52:26.209,1.37452,1.37459
EUR/USD,20140102 04:57:26.406,1.37449,1.37458
EUR/USD,20140102 05:02:29.410,1.37456,1.3746399999999999
EUR/USD,20140102 05:07:29.520,1.3747,1.37479
EUR/USD,20140102 05:13:57.963,1.3746399999999999,1.37474
EUR/USD,20140102 05:20:08.541,1.37466,1.37474
EUR/USD,20140102 05:25:17.609,1.3747200000000002,1.3748200000000002
EUR/USD,20140102 05:30:17.795,1.3749,1.37499
EUR/USD,20140102 05:35:20.207,1.37509,1.37517
EUR/USD,20140102 05:40:56.908,1.37514,1.37523
EUR/USD,20140102 05:46:00.810,1.37535,1.37543
EUR/USD,20140102 05:51:40.294,1.3753799999999998,1.37541
EUR/USD,20140102 05:56:41.904,1.37574,1.3758299999999999
EUR/USD,20140102 06:01:47.544,1.37554,1.3756
EUR/USD,20140102 06:06:48.325,1.37573,1.37579
EUR/USD,20140102 06:11:58.594,1.37542,1.37547
EUR/USD,20140102 06:17:04.007,1.37539,1.37545
EUR/USD,20140102 06:22:17.963,1.3754600000000001,1.37552
EUR/USD,20140102 06:27:19.405,1.3756899999999999,1.37576
EUR/USD,20140102 06:32:25.539,1.37562,1.37568
EUR/USD,20140102 06:37:52.412,1.37551,1.3755700000000002
EUR/USD,20140102 06:42:58.904,1.37477,1.37483
EUR/USD,20140102 06:47:59.578,1.37477,1.37484
EUR/USD,20140102 06:52:59.894,1.3751,1.37517
EUR/USD,20140102 06:58:08.606,1.3752799999999998,1.37533
EUR/USD,20140102 07:03:13.899,1.37527,1.37535
EUR/USD,20140102 07:08:16.053,1.3745100000000001,1.37457
EUR/USD,20140102 07:13:19.044,1.37424,1.3743
EUR/USD,20140102 07:18:19.234,1.37442,1.37447
EUR/USD,20140102 07:23:20.853,1.37479,1.37485
EUR/USD,20140102 07:28:21.611,1.37484,1.3748799999999999
EUR/USD,20140102 07:33:23.305,1.37455,1.37455
EUR/USD,20140102 07:38:23.351,1.37418,1.37422
EUR/USD,20140102 07:43:23.707,1.3735700000000002,1.37361
EUR/USD,20140102 07:48:27.506,1.3733,1.37332
EUR/USD,20140102 07:53:29.674,1.37313,1.37315
EUR/USD,20140102 07:58:29.699,1.37301,1.3730200000000001
EUR/USD,20140102 08:03:30.212,1.37274,1.37278
EUR/USD,20140102 08:08:30.213,1.37238,1.3724299999999998
EUR/USD,20140102 08:13:30.518,1.37185,1.37186
EUR/USD,20140102 08:18:30.924,1.37234,1.37236
EUR/USD,20140102 08:23:32.278,1.3721299999999998,1.37218
EUR/USD,20140102 08:28:37.460,1.3718,1.37182
EUR/USD,20140102 08:33:45.714,1.3719700000000001,1.37201
EUR/USD,20140102 08:38:46.551,1.37265,1.37266
EUR/USD,20140102 08:43:46.605,1.3734,1.37344
EUR/USD,20140102 08:48:46.814,1.37316,1.3732
EUR/USD,20140102 08:53:47.117,1.37275,1.37278
EUR/USD,20140102 08:58:54.921,1.37246,1.3725
EUR/USD,20140102 09:03:55.290,1.37273,1.37276
EUR/USD,20140102 09:08:58.670,1.37334,1.3733600000000001
EUR/USD,20140102 09:13:59.186,1.37323,1.37324
EUR/USD,20140102 09:18:59.618,1.37256,1.37258
EUR/USD,20140102 09:23:59.970,1.37234,1.37236
EUR/USD,20140102 09:29:00.754,1.37274,1.3728
EUR/USD,20140102 09:34:01.910,1.37275,1.37281
EUR/USD,20140102 09:39:02.110,1.3724,1.3724399999999999
EUR/USD,20140102 09:44:04.681,1.37252,1.37257
EUR/USD,20140102 09:49:05.308,1.37285,1.3728799999999999
EUR/USD,20140102 09:54:06.127,1.37368,1.37373
EUR/USD,20140102 09:59:06.444,1.37322,1.3732799999999998
EUR/USD,20140102 10:04:07.012,1.37316,1.37321
EUR/USD,20140102 10:09:08.776,1.37283,1.37287
EUR/USD,20140102 10:14:10.702,1.37283,1.37289
EUR/USD,20140102 10:19:11.073,1.3727200000000002,1.37276
EUR/USD,20140102 10:24:12.220,1.37269,1.3727200000000002
EUR/USD,20140102 10:29:17.797,1.3720299999999999,1.37208
EUR/USD,20140102 10:34:18.310,1.37236,1.3724100000000001
EUR/USD,20140102 10:39:20.014,1.3724299999999998,1.37247
EUR/USD,20140102 10:44:21.610,1.3724299999999998,1.37245
EUR/USD,20140102 10:49:22.734,1.37256,1.37261
EUR/USD,20140102 10:54:24.807,1.37257,1.37263
EUR/USD,20140102 10:59:25.090,1.37247,1.3725
EUR/USD,20140102 11:04:25.547,1.3707,1.37074
EUR/USD,20140102 11:09:31.290,1.3703299999999998,1.37037
EUR/USD,20140102 11:14:31.369,1.36934,1.3693600000000001
EUR/USD,20140102 11:19:31.503,1.36937,1.36941
EUR/USD,20140102 11:24:31.610,1.36905,1.3691
EUR/USD,20140102 11:29:32.285,1.36889,1.36893
EUR/USD,20140102 11:34:32.463,1.36874,1.36877
EUR/USD,20140102 11:39:32.506,1.36904,1.36909
EUR/USD,20140102 11:44:33.188,1.36922,1.36925
EUR/USD,20140102 11:49:38.936,1.36933,1.3693600000000001
EUR/USD,20140102 11:54:39.306,1.36927,1.36931
EUR/USD,20140102 11:59:40.097,1.36905,1.36909
EUR/USD,20140102 12:04:40.983,1.3677,1.36776
EUR/USD,20140102 12:09:44.444,1.36761,1.3676700000000002
EUR/USD,20140102 12:14:44.772,1.3678700000000001,1.3679
EUR/USD,20140102 12:19:45.660,1.36811,1.3681299999999998
EUR/USD,20140102 12:24:45.745,1.36821,1.36826
EUR/USD,20140102 12:29:46.735,1.3666200000000002,1.36666
EUR/USD,20140102 12:34:47.206,1.36679,1.3668200000000001
EUR/USD,20140102 12:39:47.550,1.36627,1.3663100000000001
EUR/USD,20140102 12:44:47.608,1.36632,1.36635
EUR/USD,20140102 12:49:48.704,1.36636,1.36639
EUR/USD,20140102 12:54:50.316,1.36485,1.3649200000000001
EUR/USD,20140102 12:59:50.615,1.36474,1.36477
EUR/USD,20140102 13:04:50.744,1.3646399999999999,1.36467
EUR/USD,20140102 13:09:53.057,1.3648799999999999,1.36491
EUR/USD,20140102 13:14:53.062,1.3654899999999999,1.36552
EUR/USD,20140102 13:19:53.319,1.36553,1.36553
EUR/USD,20140102 13:24:53.715,1.36582,1.36586
EUR/USD,20140102 13:29:53.816,1.36447,1.3645100000000001
EUR/USD,20140102 13:34:54.048,1.36422,1.36422
EUR/USD,20140102 13:39:58.249,1.36468,1.36473
EUR/USD,20140102 13:45:00.105,1.3639,1.36392
EUR/USD,20140102 13:50:00.207,1.36414,1.36415
EUR/USD,20140102 13:55:00.412,1.3645100000000001,1.36453
EUR/USD,20140102 14:00:00.982,1.3650799999999998,1.36511
EUR/USD,20140102 14:05:01.777,1.36522,1.36524
EUR/USD,20140102 14:10:05.482,1.36541,1.36544
EUR/USD,20140102 14:15:05.548,1.36529,1.36532
EUR/USD,20140102 14:20:05.913,1.3646200000000002,1.36467
EUR/USD,20140102 14:25:06.286,1.3651200000000001,1.36515
EUR/USD,20140102 14:30:06.605,1.3648,1.36484
EUR/USD,20140102 14:35:07.389,1.36511,1.36511
EUR/USD,20140102 14:40:07.413,1.3645399999999999,1.36456
EUR/USD,20140102 14:45:07.426,1.36533,1.3653600000000001
EUR/USD,20140102 14:50:08.294,1.36473,1.3647799999999999
EUR/USD,20140102 14:55:11.306,1.3650200000000001,1.36505
EUR/USD,20140102 15:00:11.466,1.36419,1.3642299999999998
EUR/USD,20140102 15:05:11.563,1.36511,1.36516
EUR/USD,20140102 15:10:11.576,1.36542,1.36544
EUR/USD,20140102 15:15:12.815,1.3654,1.36543
EUR/USD,20140102 15:20:14.264,1.36542,1.36544
EUR/USD,20140102 15:25:15.509,1.36486,1.36491
EUR/USD,20140102 15:30:16.382,1.36424,1.36429
EUR/USD,20140102 15:35:16.537,1.36372,1.36376
EUR/USD,20140102 15:40:16.967,1.36307,1.36311
EUR/USD,20140102 15:45:18.825,1.364,1.36404
EUR/USD,20140102 15:50:19.216,1.36414,1.36418
EUR/USD,20140102 15:55:19.348,1.36463,1.36466
EUR/USD,20140102 16:00:19.350,1.3659,1.3659
EUR/USD,20140102 16:05:22.564,1.3655,1.36554
EUR/USD,20140102 16:10:23.909,1.36648,1.36653
EUR/USD,20140102 16:15:26.291,1.36629,1.36632
EUR/USD,20140102 16:20:33.811,1.36627,1.3663100000000001
EUR/USD,20140102 16:25:33.991,1.3662100000000001,1.3662299999999998
EUR/USD,20140102 16:30:37.316,1.3658,1.36585
EUR/USD,20140102 16:35:37.547,1.36649,1.3665100000000001
EUR/USD,20140102 16:40:38.510,1.3668200000000001,1.36685
EUR/USD,20140102 16:45:41.609,1.36656,1.36659
EUR/USD,20140102 16:50:41.811,1.36756,1.3676
EUR/USD,20140102 16:55:42.171,1.36754,1.36758
EUR/USD,20140102 17:00:42.753,1.36706,1.3671
EUR/USD,20140102 17:05:53.248,1.3674899999999999,1.36751
EUR/USD,20140102 17:10:53.270,1.3672799999999998,1.36729
EUR/USD,20140102 17:15:56.250,1.3668799999999999,1.36693
EUR/USD,20140102 17:20:59.860,1.3667200000000002,1.36675
EUR/USD,20140102 17:26:15.621,1.36648,1.3665100000000001
EUR/USD,20140102 17:31:15.845,1.36659,1.36663
EUR/USD,20140102 17:36:15.912,1.36691,1.36695
EUR/USD,20140102 17:41:18.005,1.36671,1.36673
EUR/USD,20140102 17:46:21.505,1.36661,1.36665
EUR/USD,20140102 17:51:25.720,1.3665100000000001,1.36655
EUR/USD,20140102 17:56:26.207,1.3667,1.36675
EUR/USD,20140102 18:01:26.649,1.36706,1.3670799999999999
EUR/USD,20140102 18:06:28.045,1.36677,1.36681
EUR/USD,20140102 18:11:33.820,1.36709,1.36714
EUR/USD,20140102 18:16:36.385,1.36741,1.36745
EUR/USD,20140102 18:21:38.505,1.36727,1.3673
EUR/USD,20140102 18:26:44.017,1.36719,1.36724
EUR/USD,20140102 18:31:44.796,1.3673899999999999,1.36744
EUR/USD,20140102 18:36:46.117,1.36729,1.36733
EUR/USD,20140102 18:41:54.996,1.3674600000000001,1.36751
EUR/USD,20140102 18:46:56.817,1.3672600000000001,1.36731
EUR/USD,20140102 18:52:05.106,1.36723,1.36729
EUR/USD,20140102 18:57:06.205,1.36687,1.36693
EUR/USD,20140102 19:02:07.598,1.36689,1.36694
EUR/USD,20140102 19:07:10.820,1.36676,1.36681
EUR/USD,20140102 19:12:11.109,1.36666,1.3667
EUR/USD,20140102 19:17:14.683,1.36649,1.36653
EUR/USD,20140102 19:22:17.442,1.36629,1.3663299999999998
EUR/USD,20140102 19:27:17.566,1.3666399999999999,1.36669
EUR/USD,20140102 19:32:17.658,1.36617,1.3662100000000001
EUR/USD,20140102 19:37:18.304,1.36618,1.3662
EUR/USD,20140102 19:42:20.049,1.36609,1.3661299999999998
EUR/USD,20140102 19:47:30.827,1.3659,1.3659299999999999
EUR/USD,20140102 19:52:34.507,1.36592,1.36596
EUR/USD,20140102 19:57:45.281,1.36565,1.36569
EUR/USD,20140102 20:02:45.642,1.36541,1.36545
EUR/USD,20140102 20:07:58.732,1.3654600000000001,1.36551
EUR/USD,20140102 20:12:59.310,1.36568,1.3657
EUR/USD,20140102 20:18:13.119,1.36558,1.36561
EUR/USD,20140102 20:23:21.901,1.36551,1.36554
EUR/USD,20140102 20:28:26.822,1.3653899999999999,1.36544
EUR/USD,20140102 20:33:27.312,1.3652,1.36521
EUR/USD,20140102 20:38:27.412,1.36541,1.36544
EUR/USD,20140102 20:43:28.655,1.3654700000000002,1.3655
EUR/USD,20140102 20:48:32.370,1.3653899999999999,1.36543
EUR/USD,20140102 20:53:33.470,1.36566,1.3656700000000002
EUR/USD,20140102 20:58:36.379,1.36599,1.36604
EUR/USD,20140102 21:03:39.716,1.36655,1.36656
EUR/USD,20140102 21:08:40.006,1.3666399999999999,1.36666
EUR/USD,20140102 21:13:40.242,1.36658,1.36661
EUR/USD,20140102 21:18:40.507,1.36667,1.3667
EUR/USD,20140102 21:23:41.714,1.36694,1.367
EUR/USD,20140102 21:28:41.998,1.36669,1.36674
EUR/USD,20140102 21:33:42.406,1.36671,1.36675
EUR/USD,20140102 21:38:45.405,1.36683,1.36687
EUR/USD,20140102 21:43:45.406,1.3667799999999999,1.36683
EUR/USD,20140102 21:49:07.333,1.3666200000000002,1.36667
EUR/USD,20140102 21:54:07.405,1.36679,1.36685
EUR/USD,20140102 21:59:08.712,1.36709,1.3671799999999998
EUR/USD,20140102 22:04:14.009,1.3669200000000001,1.36705
EUR/USD,20140102 22:09:18.606,1.36656,1.36666
EUR/USD,20140102 22:14:24.536,1.3667200000000002,1.36683
EUR/USD,20140102 22:19:33.949,1.36659,1.3666399999999999
EUR/USD,20140102 22:24:42.963,1.36655,1.3666
EUR/USD,20140102 22:30:11.288,1.36638,1.36647
EUR/USD,20140102 22:35:52.106,1.36625,1.3663299999999998
EUR/USD,20140102 22:41:09.709,1.36624,1.36636
EUR/USD,20140102 22:46:12.964,1.3659700000000001,1.36605
EUR/USD,20140102 22:51:15.708,1.3659,1.3659999999999999
EUR/USD,20140102 22:56:26.305,1.36604,1.36614
EUR/USD,20140102 23:01:28.147,1.3666,1.36665
EUR/USD,20140102 23:06:32.964,1.36657,1.36667
EUR/USD,20140102 23:11:46.710,1.36656,1.36665
EUR/USD,20140102 23:16:49.053,1.36658,1.36667
EUR/USD,20140102 23:21:53.288,1.36625,1.36635
EUR/USD,20140102 23:26:57.403,1.36624,1.3663399999999999
EUR/USD,20140102 23:32:01.925,1.36638,1.36646
EUR/USD,20140102 23:37:02.907,1.36639,1.36646
EUR/USD,20140102 23:42:44.095,1.36655,1.3666399999999999
EUR/USD,20140102 23:47:53.925,1.36648,1.36657
EUR/USD,20140102 23:53:04.483,1.36639,1.36647
EUR/USD,20140102 23:58:09.813,1.3665399999999999,1.36658
EUR/USD,20140103 00:03:10.410,1.36659,1.3666399999999999
EUR/USD,20140103 00:08:11.402,1.36683,1.36689
EUR/USD,20140103 00:13:36.010,1.36683,1.36689
EUR/USD,20140103 00:18:37.690,1.36683,1.36689
EUR/USD,20140103 00:25:14.758,1.36683,1.36689
EUR/USD,20140103 00:30:31.311,1.36707,1.36713
EUR/USD,20140103 00:35:38.484,1.36705,1.3671200000000001
EUR/USD,20140103 00:40:40.004,1.36693,1.3669799999999999
EUR/USD,20140103 00:45:47.965,1.36703,1.3671
EUR/USD,20140103 00:51:02.507,1.36653,1.36658
EUR/USD,20140103 00:56:04.212,1.36649,1.36653
EUR/USD,20140103 01:01:04.872,1.36586,1.36591
EUR/USD,20140103 01:06:16.823,1.3664,1.36646
EUR/USD,20140103 01:11:34.511,1.36572,1.36578
EUR/USD,20140103 01:16:36.742,1.36556,1.36562
EUR/USD,20140103 01:21:50.193,1.36565,1.36569
EUR/USD,20140103 01:26:58.791,1.36566,1.3657
EUR/USD,20140103 01:31:59.113,1.36582,1.36588
EUR/USD,20140103 01:37:04.029,1.36624,1.3663
EUR/USD,20140103 01:42:40.612,1.36617,1.36622
EUR/USD,20140103 01:47:57.963,1.3658700000000001,1.36592
EUR/USD,20140103 01:53:35.976,1.36578,1.3658299999999999
EUR/USD,20140103 01:58:36.020,1.36544,1.3654899999999999
EUR/USD,20140103 02:03:36.163,1.36558,1.36564
EUR/USD,20140103 02:08:37.964,1.36586,1.36592
EUR/USD,20140103 02:13:42.963,1.36605,1.36612
EUR/USD,20140103 02:18:46.767,1.36595,1.36601
EUR/USD,20140103 02:23:54.620,1.36589,1.36591
EUR/USD,20140103 02:29:02.963,1.36592,1.36598
EUR/USD,20140103 02:34:06.339,1.36564,1.3657
EUR/USD,20140103 02:39:07.612,1.3655700000000002,1.36565
EUR/USD,20140103 02:44:08.040,1.3654,1.3654600000000001
EUR/USD,20140103 02:49:08.493,1.36493,1.3649799999999999
EUR/USD,20140103 02:54:15.809,1.36534,1.36538
EUR/USD,20140103 02:59:17.688,1.3653600000000001,1.3654
EUR/USD,20140103 03:04:17.777,1.3657299999999999,1.3658
EUR/USD,20140103 03:09:22.209,1.3657299999999999,1.36579
EUR/USD,20140103 03:14:23.487,1.3658299999999999,1.36588
EUR/USD,20140103 03:19:23.715,1.36595,1.36602
EUR/USD,20140103 03:24:54.506,1.36582,1.36588
EUR/USD,20140103 03:30:02.328,1.3657299999999999,1.36579
EUR/USD,20140103 03:35:08.827,1.3659700000000001,1.3660299999999999
EUR/USD,20140103 03:40:12.513,1.36635,1.3664100000000001
EUR/USD,20140103 03:45:16.895,1.3662100000000001,1.36629
EUR/USD,20140103 03:50:20.254,1.36614,1.36622
EUR/USD,20140103 03:55:59.870,1.36591,1.3659700000000001
EUR/USD,20140103 04:01:02.023,1.36586,1.36588
EUR/USD,20140103 04:06:04.109,1.3658299999999999,1.36589
EUR/USD,20140103 04:11:14.614,1.36608,1.3661299999999998
EUR/USD,20140103 04:16:25.534,1.36617,1.36625
EUR/USD,20140103 04:21:33.009,1.3660700000000001,1.3661299999999998
EUR/USD,20140103 04:26:37.609,1.36649,1.3665399999999999
EUR/USD,20140103 04:31:53.306,1.36637,1.3664100000000001
EUR/USD,20140103 04:37:05.708,1.3662299999999998,1.36629
EUR/USD,20140103 04:42:07.015,1.36635,1.3664
EUR/USD,20140103 04:47:07.965,1.36616,1.36622
EUR/USD,20140103 04:52:13.003,1.36609,1.36614
EUR/USD,20140103 04:57:56.695,1.36629,1.36632
EUR/USD,20140103 05:03:01.990,1.36629,1.3663399999999999
EUR/USD,20140103 05:08:08.506,1.3661299999999998,1.3662
EUR/USD,20140103 05:13:32.479,1.36624,1.3663
EUR/USD,20140103 05:18:44.194,1.36596,1.36602
EUR/USD,20140103 05:23:56.730,1.3658700000000001,1.36594
EUR/USD,20140103 05:28:58.185,1.3659700000000001,1.36599
EUR/USD,20140103 05:33:58.714,1.36515,1.3652
EUR/USD,20140103 05:39:00.595,1.36529,1.36534
EUR/USD,20140103 05:44:07.595,1.36529,1.36535
EUR/USD,20140103 05:49:12.963,1.3654600000000001,1.36552
EUR/USD,20140103 05:54:13.313,1.36458,1.3646399999999999
EUR/USD,20140103 05:59:21.196,1.36475,1.3648200000000001
EUR/USD,20140103 06:04:22.237,1.3647799999999999,1.36484
EUR/USD,20140103 06:09:23.203,1.36491,1.36497
EUR/USD,20140103 06:14:23.809,1.36481,1.36487
EUR/USD,20140103 06:19:27.205,1.36497,1.36503
EUR/USD,20140103 06:24:27.725,1.36519,1.3652600000000001
EUR/USD,20140103 06:29:38.137,1.36516,1.36523
EUR/USD,20140103 06:34:38.146,1.3652600000000001,1.36531
EUR/USD,20140103 06:39:40.597,1.3652,1.36525
EUR/USD,20140103 06:44:42.010,1.36506,1.3651200000000001
EUR/USD,20140103 06:49:55.407,1.3650799999999998,1.36514
EUR/USD,20140103 06:54:55.408,1.36493,1.36497
EUR/USD,20140103 06:59:56.311,1.36522,1.36527
EUR/USD,20140103 07:05:05.664,1.36538,1.36543
EUR/USD,20140103 07:10:09.606,1.36485,1.3649
EUR/USD,20140103 07:15:11.263,1.36545,1.3655
EUR/USD,20140103 07:20:13.287,1.36588,1.36592
EUR/USD,20140103 07:25:17.621,1.3655899999999999,1.36561
EUR/USD,20140103 07:30:20.154,1.3660700000000001,1.36609
EUR/USD,20140103 07:35:22.486,1.36579,1.3658299999999999
EUR/USD,20140103 07:40:26.069,1.36589,1.3659299999999999
EUR/USD,20140103 07:45:30.611,1.3657700000000002,1.3658299999999999
EUR/USD,20140103 07:50:31.179,1.36519,1.36525
EUR/USD,20140103 07:55:35.511,1.36485,1.36491
EUR/USD,20140103 08:00:37.037,1.36506,1.36511
EUR/USD,20140103 08:05:38.559,1.36519,1.36524
EUR/USD,20140103 08:10:38.584,1.36497,1.36501
EUR/USD,20140103 08:15:40.711,1.3653600000000001,1.3654
EUR/USD,20140103 08:20:40.810,1.36414,1.36417
EUR/USD,20140103 08:25:41.087,1.3636700000000002,1.36369
EUR/USD,20140103 08:30:41.110,1.3636,1.36363
EUR/USD,20140103 08:35:42.411,1.36389,1.36391
EUR/USD,20140103 08:40:45.867,1.3635899999999999,1.36362
EUR/USD,20140103 08:45:46.010,1.3639700000000001,1.36402
EUR/USD,20140103 08:50:50.113,1.36371,1.36374
EUR/USD,20140103 08:55:54.948,1.36366,1.3636700000000002
EUR/USD,20140103 09:00:59.846,1.3637700000000001,1.36378
EUR/USD,20140103 09:06:00.010,1.36348,1.36352
EUR/USD,20140103 09:11:00.094,1.36314,1.36319
EUR/USD,20140103 09:16:02.410,1.36355,1.3635899999999999
EUR/USD,20140103 09:21:06.495,1.36314,1.3631799999999998
EUR/USD,20140103 09:26:06.709,1.36335,1.36338
EUR/USD,20140103 09:31:07.670,1.36354,1.3635700000000002
EUR/USD,20140103 09:36:08.007,1.3634600000000001,1.3634700000000002
EUR/USD,20140103 09:41:08.911,1.36435,1.36439
EUR/USD,20140103 09:46:11.716,1.36466,1.3647
EUR/USD,20140103 09:51:11.887,1.36467,1.36471
EUR/USD,20140103 09:56:13.009,1.3643399999999999,1.3643399999999999
EUR/USD,20140103 10:01:14.713,1.3647799999999999,1.3648200000000001
EUR/USD,20140103 10:06:15.056,1.36475,1.3648
EUR/USD,20140103 10:11:15.923,1.36524,1.36527
EUR/USD,20140103 10:16:16.234,1.36533,1.36538
EUR/USD,20140103 10:21:17.910,1.36493,1.36497
EUR/USD,20140103 10:26:20.021,1.36496,1.36497
EUR/USD,20140103 10:31:21.664,1.36494,1.36496
EUR/USD,20140103 10:36:24.306,1.36494,1.36495
EUR/USD,20140103 10:41:31.535,1.36529,1.3653
EUR/USD,20140103 10:46:32.341,1.36471,1.3647200000000002
EUR/USD,20140103 10:51:35.323,1.36476,1.36481
EUR/USD,20140103 10:56:43.458,1.36475,1.36479
EUR/USD,20140103 11:01:50.554,1.36479,1.3648200000000001
EUR/USD,20140103 11:06:50.607,1.3648200000000001,1.36483
EUR/USD,20140103 11:11:56.310,1.36501,1.36504
EUR/USD,20140103 11:16:57.620,1.36476,1.3648
EUR/USD,20140103 11:22:03.041,1.36486,1.3649
EUR/USD,20140103 11:27:06.089,1.36436,1.36438
EUR/USD,20140103 11:32:10.971,1.36409,1.36412
EUR/USD,20140103 11:37:11.011,1.36419,1.36422
EUR/USD,20140103 11:42:12.066,1.36425,1.36427
EUR/USD,20140103 11:47:13.805,1.36429,1.3643299999999998
EUR/USD,20140103 11:52:14.119,1.36426,1.36428
EUR/USD,20140103 11:57:14.239,1.36425,1.36429
EUR/USD,20140103 12:02:14.747,1.3638299999999999,1.36388
EUR/USD,20140103 12:07:25.965,1.36416,1.36417
EUR/USD,20140103 12:12:34.906,1.36418,1.3642100000000001
EUR/USD,20140103 12:17:35.054,1.36475,1.3648
EUR/USD,20140103 12:22:37.829,1.36484,1.3648799999999999
EUR/USD,20140103 12:27:39.306,1.3650799999999998,1.36511
EUR/USD,20140103 12:32:40.438,1.3654600000000001,1.3654899999999999
EUR/USD,20140103 12:37:52.810,1.3653600000000001,1.3653899999999999
EUR/USD,20140103 12:42:53.794,1.3651,1.36515
EUR/USD,20140103 12:47:54.009,1.36501,1.36505
EUR/USD,20140103 12:52:54.013,1.36516,1.3652
EUR/USD,20140103 12:57:54.111,1.36448,1.3645200000000002
EUR/USD,20140103 13:03:00.550,1.36427,1.3643100000000001
EUR/USD,20140103 13:08:00.626,1.36416,1.3642
EUR/USD,20140103 13:13:00.721,1.36348,1.36352
EUR/USD,20140103 13:18:01.209,1.36345,1.36348
EUR/USD,20140103 13:23:01.228,1.36291,1.36296
EUR/USD,20140103 13:28:01.512,1.3632799999999998,1.36331
EUR/USD,20140103 13:33:05.316,1.36356,1.3635899999999999
EUR/USD,20140103 13:38:06.777,1.36376,1.36379
EUR/USD,20140103 13:43:07.684,1.36402,1.36405
EUR/USD,20140103 13:48:10.871,1.36412,1.36417
EUR/USD,20140103 13:53:11.793,1.36439,1.36442
EUR/USD,20140103 13:58:12.342,1.36408,1.36411
EUR/USD,20140103 14:03:12.602,1.36294,1.36297
EUR/USD,20140103 14:08:12.718,1.36198,1.36201
EUR/USD,20140103 14:13:13.891,1.36154,1.3615700000000002
EUR/USD,20140103 14:18:14.107,1.3613,1.36134
EUR/USD,20140103 14:23:16.331,1.3615899999999999,1.36163
EUR/USD,20140103 14:28:17.345,1.36158,1.36162
EUR/USD,20140103 14:33:18.540,1.3613899999999999,1.36143
EUR/USD,20140103 14:38:18.707,1.36127,1.3613
EUR/USD,20140103 14:43:19.601,1.36099,1.3610200000000001
EUR/USD,20140103 14:48:20.206,1.36049,1.3605
EUR/USD,20140103 14:53:20.306,1.3609799999999999,1.3610200000000001
EUR/USD,20140103 14:58:20.995,1.3608200000000001,1.36086
EUR/USD,20140103 15:03:23.138,1.3611,1.36112
EUR/USD,20140103 15:08:23.243,1.36026,1.36029
EUR/USD,20140103 15:13:23.922,1.36005,1.3601
EUR/USD,20140103 15:18:25.096,1.36077,1.3608
EUR/USD,20140103 15:23:25.611,1.36107,1.36111
EUR/USD,20140103 15:28:26.812,1.36125,1.36129
EUR/USD,20140103 15:33:27.716,1.36124,1.3612799999999998
EUR/USD,20140103 15:38:27.731,1.36094,1.36096
EUR/USD,20140103 15:43:27.967,1.36131,1.36133
EUR/USD,20140103 15:48:28.321,1.36076,1.3608
EUR/USD,20140103 15:53:30.453,1.36109,1.36113
EUR/USD,20140103 15:58:35.728,1.36097,1.3610200000000001
EUR/USD,20140103 16:03:36.633,1.36137,1.3613899999999999
EUR/USD,20140103 16:08:42.535,1.36089,1.3609
EUR/USD,20140103 16:13:42.707,1.36137,1.3614
EUR/USD,20140103 16:18:42.922,1.36142,1.36143
EUR/USD,20140103 16:23:43.354,1.36115,1.3612
EUR/USD,20140103 16:28:45.583,1.36097,1.3610200000000001
EUR/USD,20140103 16:33:45.965,1.36063,1.36068
EUR/USD,20140103 16:38:49.325,1.36071,1.36074
EUR/USD,20140103 16:43:49.399,1.36057,1.3606200000000002
EUR/USD,20140103 16:48:54.115,1.36083,1.36087
EUR/USD,20140103 16:53:54.163,1.36074,1.36079
EUR/USD,20140103 16:58:54.724,1.36045,1.36051
EUR/USD,20140103 17:03:55.262,1.36015,1.36019
EUR/USD,20140103 17:08:55.391,1.3595700000000002,1.35958
EUR/USD,20140103 17:13:55.406,1.35986,1.3599
EUR/USD,20140103 17:18:57.829,1.3594899999999999,1.3595700000000002
EUR/USD,20140103 17:23:58.320,1.35986,1.35992
EUR/USD,20140103 17:29:04.108,1.35998,1.36002
EUR/USD,20140103 17:34:05.308,1.35961,1.35964
EUR/USD,20140103 17:39:05.713,1.36014,1.36015
EUR/USD,20140103 17:44:07.214,1.36057,1.36061
EUR/USD,20140103 17:49:07.814,1.36002,1.3601
EUR/USD,20140103 17:54:15.896,1.35984,1.35989
EUR/USD,20140103 17:59:16.258,1.3602,1.36024
EUR/USD,20140103 18:04:17.652,1.36,1.36005
EUR/USD,20140103 18:09:21.451,1.3601,1.36015
EUR/USD,20140103 18:14:27.217,1.35972,1.35976
EUR/USD,20140103 18:19:28.807,1.35994,1.35998
EUR/USD,20140103 18:24:30.673,1.36014,1.36019
EUR/USD,20140103 18:29:38.226,1.36004,1.36009
EUR/USD,20140103 18:34:47.303,1.36006,1.3601299999999998
EUR/USD,20140103 18:39:48.209,1.36012,1.36017
EUR/USD,20140103 18:44:50.053,1.36012,1.36018
EUR/USD,20140103 18:49:50.412,1.36018,1.3602
EUR/USD,20140103 18:54:51.250,1.36006,1.36008
EUR/USD,20140103 18:59:54.007,1.36026,1.36032
EUR/USD,20140103 19:05:04.332,1.3606,1.36063
EUR/USD,20140103 19:10:16.275,1.36025,1.3603
EUR/USD,20140103 19:15:18.107,1.36035,1.3604100000000001
EUR/USD,20140103 19:20:27.415,1.36025,1.36028
EUR/USD,20140103 19:25:28.697,1.3603399999999999,1.36042
EUR/USD,20140103 19:30:31.212,1.36024,1.3603
EUR/USD,20140103 19:35:38.605,1.36057,1.36061
EUR/USD,20140103 19:40:39.840,1.36001,1.36004
EUR/USD,20140103 19:45:45.007,1.3599299999999999,1.35998
EUR/USD,20140103 19:50:45.409,1.3600299999999999,1.3600700000000001
EUR/USD,20140103 19:55:46.206,1.35988,1.35992
EUR/USD,20140103 20:00:46.950,1.35988,1.35991
EUR/USD,20140103 20:05:53.696,1.35961,1.3596700000000002
EUR/USD,20140103 20:10:54.782,1.3595899999999999,1.35966
EUR/USD,20140103 20:16:00.658,1.3593600000000001,1.35941
EUR/USD,20140103 20:21:00.716,1.35884,1.35887
EUR/USD,20140103 20:26:00.908,1.35906,1.3590799999999998
EUR/USD,20140103 20:31:04.682,1.35894,1.3589799999999999
EUR/USD,20140103 20:36:06.486,1.35885,1.35887
EUR/USD,20140103 20:41:07.681,1.35886,1.3588799999999999
EUR/USD,20140103 20:46:08.221,1.35849,1.35851
EUR/USD,20140103 20:51:11.740,1.35861,1.35864
EUR/USD,20140103 20:56:12.593,1.3585200000000002,1.3585399999999999
EUR/USD,20140103 21:01:19.303,1.35835,1.3584100000000001
EUR/USD,20140103 21:06:20.010,1.35847,1.3585200000000002
EUR/USD,20140103 21:11:26.309,1.35856,1.3586
EUR/USD,20140103 21:16:28.006,1.35883,1.3588799999999999
EUR/USD,20140103 21:21:33.914,1.3591600000000001,1.35922
EUR/USD,20140103 21:26:38.714,1.35894,1.3590200000000001
EUR/USD,20140103 21:31:42.943,1.35893,1.359
EUR/USD,20140103 21:36:51.599,1.35899,1.35907
EUR/USD,20140103 21:42:07.208,1.3588200000000001,1.35886
EUR/USD,20140103 21:47:15.606,1.3587200000000001,1.35877
EUR/USD,20140103 21:52:22.095,1.35879,1.3588799999999999
EUR/USD,20140103 21:57:44.406,1.35875,1.35887
EUR/USD,20140106 00:00:00.011,1.35951,1.35958
EUR/USD,20140106 00:05:02.194,1.35893,1.35899
EUR/USD,20140106 00:10:02.239,1.3591799999999998,1.35923
EUR/USD,20140106 00:15:02.427,1.3593600000000001,1.35941
EUR/USD,20140106 00:20:02.945,1.35933,1.3593899999999999
EUR/USD,20140106 00:25:04.358,1.3593600000000001,1.35941
EUR/USD,20140106 00:30:08.114,1.35905,1.3591
EUR/USD,20140106 00:35:08.467,1.35896,1.3590200000000001
EUR/USD,20140106 00:40:09.210,1.35915,1.3592
EUR/USD,20140106 00:45:24.353,1.35927,1.35931
EUR/USD,20140106 00:50:27.789,1.3594600000000001,1.35951
EUR/USD,20140106 00:55:33.517,1.3595,1.35955
EUR/USD,20140106 01:00:35.813,1.3598,1.35986
EUR/USD,20140106 01:05:39.101,1.35976,1.35979
EUR/USD,20140106 01:10:40.485,1.3595700000000002,1.3596
EUR/USD,20140106 01:15:55.741,1.35943,1.3594899999999999
EUR/USD,20140106 01:21:03.070,1.3593600000000001,1.35942
EUR/USD,20140106 01:26:03.393,1.3596700000000002,1.3597
EUR/USD,20140106 01:31:04.105,1.35925,1.3592799999999998
EUR/USD,20140106 01:36:05.897,1.3593,1.35931
EUR/USD,20140106 01:41:05.994,1.35846,1.3585
EUR/USD,20140106 01:46:06.606,1.35807,1.35811
EUR/USD,20140106 01:51:06.683,1.3583399999999999,1.35838
EUR/USD,20140106 01:56:10.210,1.35851,1.35857
EUR/USD,20140106 02:01:16.056,1.3585399999999999,1.3586
EUR/USD,20140106 02:06:16.225,1.35849,1.35855
EUR/USD,20140106 02:11:23.806,1.35833,1.35839
EUR/USD,20140106 02:16:23.807,1.35848,1.3585200000000002
EUR/USD,20140106 02:21:24.486,1.3579700000000001,1.3580299999999998
EUR/USD,20140106 02:26:28.906,1.35815,1.3582
EUR/USD,20140106 02:32:16.511,1.35835,1.3584
EUR/USD,20140106 02:37:16.606,1.35838,1.3584200000000002
EUR/USD,20140106 02:42:17.200,1.35857,1.35863
EUR/USD,20140106 02:47:19.500,1.35857,1.3586
EUR/USD,20140106 02:52:22.713,1.35867,1.3587200000000001
EUR/USD,20140106 02:57:22.942,1.35853,1.35859
EUR/USD,20140106 03:02:23.907,1.35825,1.35828
EUR/USD,20140106 03:07:42.195,1.35825,1.3583
EUR/USD,20140106 03:12:48.744,1.35843,1.35848
EUR/USD,20140106 03:17:52.295,1.3584399999999999,1.35848
EUR/USD,20140106 03:22:59.169,1.35853,1.35858
EUR/USD,20140106 03:27:59.274,1.35863,1.35869
EUR/USD,20140106 03:33:07.193,1.35864,1.3587
EUR/USD,20140106 03:38:13.307,1.3587200000000001,1.3587799999999999
EUR/USD,20140106 03:43:17.012,1.3585399999999999,1.35861
EUR/USD,20140106 03:48:21.378,1.3585399999999999,1.35859
EUR/USD,20140106 03:53:30.791,1.3585200000000002,1.35859
EUR/USD,20140106 03:58:32.691,1.35832,1.35836
EUR/USD,20140106 04:03:36.410,1.3583100000000001,1.35838
EUR/USD,20140106 04:08:42.815,1.3584200000000002,1.35846
EUR/USD,20140106 04:14:18.209,1.35832,1.35838
EUR/USD,20140106 04:19:28.407,1.3583100000000001,1.35837
EUR/USD,20140106 04:24:31.825,1.3583399999999999,1.3584
EUR/USD,20140106 04:29:44.696,1.35812,1.35818
EUR/USD,20140106 04:34:49.119,1.3581299999999998,1.35818
EUR/USD,20140106 04:39:49.209,1.35795,1.35799
EUR/USD,20140106 04:45:06.117,1.35804,1.35809
EUR/USD,20140106 04:50:31.811,1.35812,1.35816
EUR/USD,20140106 04:55:55.193,1.35822,1.35826
EUR/USD,20140106 05:01:02.580,1.35825,1.35829
EUR/USD,20140106 05:06:03.852,1.35814,1.3582
EUR/USD,20140106 05:12:14.617,1.35833,1.35837
EUR/USD,20140106 05:17:17.006,1.35815,1.35817
EUR/USD,20140106 05:22:17.412,1.3583399999999999,1.35838
EUR/USD,20140106 05:27:42.506,1.3585200000000002,1.35855
EUR/USD,20140106 05:32:43.953,1.3583399999999999,1.35838
EUR/USD,20140106 05:37:50.190,1.35846,1.3585
EUR/USD,20140106 05:43:37.078,1.3584200000000002,1.35847
EUR/USD,20140106 05:48:45.693,1.35845,1.35849
EUR/USD,20140106 05:53:57.730,1.35832,1.35836
EUR/USD,20140106 05:58:58.296,1.3577299999999999,1.3577700000000001
EUR/USD,20140106 06:03:59.473,1.35744,1.35745
EUR/USD,20140106 06:09:00.090,1.35732,1.35734
EUR/USD,20140106 06:14:00.601,1.35743,1.3574700000000002
EUR/USD,20140106 06:19:03.307,1.3576,1.3576
EUR/USD,20140106 06:24:03.397,1.35752,1.35755
EUR/USD,20140106 06:29:05.677,1.3578700000000001,1.35791
EUR/USD,20140106 06:34:13.112,1.35792,1.35796
EUR/USD,20140106 06:39:14.867,1.35785,1.3579
EUR/USD,20140106 06:44:15.137,1.35825,1.35829
EUR/USD,20140106 06:49:18.313,1.35833,1.35837
EUR/USD,20140106 06:54:27.617,1.35865,1.35869
EUR/USD,20140106 06:59:40.709,1.35863,1.35867
EUR/USD,20140106 07:04:44.040,1.35894,1.35897
EUR/USD,20140106 07:09:47.504,1.3586,1.35864
EUR/USD,20140106 07:14:48.211,1.3588799999999999,1.35891
EUR/USD,20140106 07:19:48.625,1.35887,1.35887
EUR/USD,20140106 07:24:50.213,1.35848,1.3585
EUR/USD,20140106 07:29:54.410,1.3582,1.3582299999999998
EUR/USD,20140106 07:35:01.714,1.3579,1.35794
EUR/USD,20140106 07:40:02.107,1.35775,1.3577700000000001
EUR/USD,20140106 07:45:03.776,1.35765,1.35769
EUR/USD,20140106 07:50:06.009,1.35761,1.35765
EUR/USD,20140106 07:55:08.380,1.35805,1.3581
EUR/USD,20140106 08:00:09.677,1.35814,1.35818
EUR/USD,20140106 08:05:14.712,1.35801,1.35806
EUR/USD,20140106 08:10:15.150,1.35838,1.3584100000000001
EUR/USD,20140106 08:15:16.511,1.35874,1.35879
EUR/USD,20140106 08:20:16.512,1.35968,1.35969
EUR/USD,20140106 08:25:17.022,1.35994,1.35998
EUR/USD,20140106 08:30:18.510,1.35954,1.35958
EUR/USD,20140106 08:35:18.569,1.36014,1.36016
EUR/USD,20140106 08:40:18.606,1.36045,1.36047
EUR/USD,20140106 08:45:19.122,1.36027,1.36032
EUR/USD,20140106 08:50:21.611,1.3603,1.3603399999999999
EUR/USD,20140106 08:55:22.153,1.35922,1.35925
EUR/USD,20140106 09:00:22.176,1.35965,1.35968
EUR/USD,20140106 09:05:22.193,1.36053,1.36055
EUR/USD,20140106 09:10:25.106,1.36112,1.36114
EUR/USD,20140106 09:15:30.407,1.36068,1.36071
EUR/USD,20140106 09:20:30.412,1.36066,1.36068
EUR/USD,20140106 09:25:31.148,1.36071,1.36074
EUR/USD,20140106 09:30:31.406,1.3610799999999998,1.36111
EUR/USD,20140106 09:35:31.805,1.36075,1.36077
EUR/USD,20140106 09:40:33.168,1.36071,1.36074
EUR/USD,20140106 09:45:36.797,1.36064,1.36068
EUR/USD,20140106 09:50:42.103,1.36074,1.3607799999999999
EUR/USD,20140106 09:55:44.932,1.36076,1.3607799999999999
EUR/USD,20140106 10:00:45.906,1.36105,1.3610799999999998
EUR/USD,20140106 10:05:46.707,1.36059,1.3606
EUR/USD,20140106 10:10:49.518,1.36061,1.36064
EUR/USD,20140106 10:15:50.239,1.36058,1.3606200000000002
EUR/USD,20140106 10:20:51.798,1.36085,1.36087
EUR/USD,20140106 10:25:54.871,1.36071,1.36075
EUR/USD,20140106 10:30:55.605,1.36097,1.361
EUR/USD,20140106 10:35:56.806,1.36131,1.36135
EUR/USD,20140106 10:41:03.337,1.36163,1.36166
EUR/USD,20140106 10:46:03.707,1.3619,1.36194
EUR/USD,20140106 10:51:07.121,1.36162,1.36164
EUR/USD,20140106 10:56:07.877,1.36182,1.36184
EUR/USD,20140106 11:01:10.028,1.3616,1.36163
EUR/USD,20140106 11:06:12.508,1.36194,1.36195
EUR/USD,20140106 11:11:14.790,1.3619299999999999,1.36196
EUR/USD,20140106 11:16:17.377,1.36163,1.36164
EUR/USD,20140106 11:21:24.556,1.3612799999999998,1.36133
EUR/USD,20140106 11:26:30.878,1.36154,1.36158
EUR/USD,20140106 11:31:33.706,1.36121,1.36122
EUR/USD,20140106 11:36:35.062,1.3607,1.36074
EUR/USD,20140106 11:41:37.111,1.36081,1.3608200000000001
EUR/USD,20140106 11:46:37.493,1.36046,1.36048
EUR/USD,20140106 11:51:38.015,1.3602,1.36024
EUR/USD,20140106 11:56:38.093,1.36066,1.36068
EUR/USD,20140106 12:01:42.590,1.36045,1.36048
EUR/USD,20140106 12:06:43.210,1.36029,1.36032
EUR/USD,20140106 12:11:49.231,1.3603299999999998,1.36037
EUR/USD,20140106 12:16:53.435,1.3602299999999998,1.36026
EUR/USD,20140106 12:21:53.990,1.36032,1.36035
EUR/USD,20140106 12:27:02.009,1.3601299999999998,1.36016
EUR/USD,20140106 12:32:02.013,1.36019,1.3602299999999998
EUR/USD,20140106 12:37:03.201,1.36042,1.3604399999999999
EUR/USD,20140106 12:42:07.455,1.36063,1.36066
EUR/USD,20140106 12:47:15.540,1.36045,1.36048
EUR/USD,20140106 12:52:15.809,1.3607200000000002,1.36077
EUR/USD,20140106 12:57:16.246,1.3606200000000002,1.36065
EUR/USD,20140106 13:02:17.807,1.36025,1.36029
EUR/USD,20140106 13:07:18.112,1.36001,1.36005
EUR/USD,20140106 13:12:19.091,1.36035,1.36038
EUR/USD,20140106 13:17:20.811,1.3602299999999998,1.36025
EUR/USD,20140106 13:22:22.208,1.35971,1.35975
EUR/USD,20140106 13:27:22.208,1.3602299999999998,1.36025
EUR/USD,20140106 13:32:35.014,1.36009,1.36012
EUR/USD,20140106 13:37:39.511,1.35992,1.35996
EUR/USD,20140106 13:42:40.320,1.35992,1.35995
EUR/USD,20140106 13:47:40.533,1.35976,1.3598
EUR/USD,20140106 13:52:40.678,1.35982,1.35986
EUR/USD,20140106 13:57:47.230,1.36017,1.3602100000000001
EUR/USD,20140106 14:02:47.552,1.3596,1.35964
EUR/USD,20140106 14:07:47.805,1.35964,1.3596700000000002
EUR/USD,20140106 14:12:51.406,1.36011,1.36015
EUR/USD,20140106 14:17:51.753,1.3607,1.3607200000000002
EUR/USD,20140106 14:22:52.906,1.36093,1.36095
EUR/USD,20140106 14:27:55.750,1.36109,1.36112
EUR/USD,20140106 14:32:55.809,1.36172,1.3617700000000001
EUR/USD,20140106 14:37:56.538,1.36129,1.36133
EUR/USD,20140106 14:43:02.413,1.36101,1.36105
EUR/USD,20140106 14:48:03.084,1.36122,1.36125
EUR/USD,20140106 14:53:03.928,1.36133,1.36137
EUR/USD,20140106 14:58:04.902,1.36113,1.36117
EUR/USD,20140106 15:03:05.495,1.36253,1.36256
EUR/USD,20140106 15:08:05.793,1.36297,1.3630200000000001
EUR/USD,20140106 15:13:11.829,1.36264,1.36267
EUR/USD,20140106 15:18:12.315,1.36222,1.36226
EUR/USD,20140106 15:23:13.377,1.36229,1.36232
EUR/USD,20140106 15:28:14.216,1.36222,1.36226
EUR/USD,20140106 15:33:14.987,1.3622299999999998,1.36226
EUR/USD,20140106 15:38:15.430,1.36212,1.36216
EUR/USD,20140106 15:43:16.732,1.36294,1.36297
EUR/USD,20140106 15:48:18.173,1.36364,1.3636700000000002
EUR/USD,20140106 15:53:19.070,1.36374,1.36379
EUR/USD,20140106 15:58:20.529,1.36445,1.36447
EUR/USD,20140106 16:03:23.150,1.3642,1.3642299999999998
EUR/USD,20140106 16:08:23.220,1.364,1.3640299999999999
EUR/USD,20140106 16:13:25.945,1.36419,1.3642299999999998
EUR/USD,20140106 16:18:26.240,1.36446,1.36449
EUR/USD,20140106 16:23:26.316,1.36487,1.36489
EUR/USD,20140106 16:28:27.083,1.3645100000000001,1.3645399999999999
EUR/USD,20140106 16:33:29.429,1.3640299999999999,1.36406
EUR/USD,20140106 16:38:31.407,1.3639299999999999,1.36396
EUR/USD,20140106 16:43:31.799,1.36385,1.3638700000000001
EUR/USD,20140106 16:48:34.711,1.36386,1.36388
EUR/USD,20140106 16:53:42.031,1.36364,1.36368
EUR/USD,20140106 16:58:44.547,1.3636700000000002,1.3636700000000002
EUR/USD,20140106 17:03:46.006,1.3633600000000001,1.3633899999999999
EUR/USD,20140106 17:08:46.132,1.3635899999999999,1.3636
EUR/USD,20140106 17:13:48.516,1.36361,1.36365
EUR/USD,20140106 17:18:50.946,1.36341,1.36343
EUR/USD,20140106 17:23:52.809,1.3635,1.36353
EUR/USD,20140106 17:28:53.074,1.36364,1.36369
EUR/USD,20140106 17:33:56.919,1.36361,1.36365
EUR/USD,20140106 17:39:00.506,1.36384,1.36388
EUR/USD,20140106 17:44:02.523,1.36402,1.36405
EUR/USD,20140106 17:49:02.823,1.3644399999999999,1.36448
EUR/USD,20140106 17:54:02.966,1.3642299999999998,1.36425
EUR/USD,20140106 17:59:07.024,1.36394,1.36396
EUR/USD,20140106 18:04:10.965,1.36426,1.3643
EUR/USD,20140106 18:09:12.307,1.36506,1.3650799999999998
EUR/USD,20140106 18:14:13.252,1.36481,1.36485
EUR/USD,20140106 18:19:13.393,1.36475,1.3647799999999999
EUR/USD,20140106 18:24:17.199,1.3645100000000001,1.36456
EUR/USD,20140106 18:29:17.256,1.3646200000000002,1.36466
EUR/USD,20140106 18:34:19.412,1.36494,1.36499
EUR/USD,20140106 18:39:27.551,1.36463,1.36467
EUR/USD,20140106 18:44:38.370,1.36495,1.3649799999999999
EUR/USD,20140106 18:49:38.571,1.36473,1.36477
EUR/USD,20140106 18:54:53.454,1.36459,1.3646399999999999
EUR/USD,20140106 18:59:54.605,1.3644,1.3644399999999999
EUR/USD,20140106 19:05:08.809,1.36412,1.36416
EUR/USD,20140106 19:10:18.011,1.36401,1.36406
EUR/USD,20140106 19:15:19.439,1.3642,1.36424
EUR/USD,20140106 19:20:19.561,1.36384,1.36389
EUR/USD,20140106 19:25:23.709,1.36376,1.36381
EUR/USD,20140106 19:30:26.805,1.36375,1.36378
EUR/USD,20140106 19:35:30.427,1.36352,1.3635700000000002
EUR/USD,20140106 19:40:30.907,1.36358,1.36362
EUR/USD,20140106 19:45:32.193,1.36325,1.3633
EUR/USD,20140106 19:50:34.590,1.36353,1.3635700000000002
EUR/USD,20140106 19:55:34.609,1.36309,1.36314
EUR/USD,20140106 20:00:35.836,1.36337,1.36342
EUR/USD,20140106 20:05:44.005,1.3634600000000001,1.3635
EUR/USD,20140106 20:10:44.733,1.36364,1.36368
EUR/USD,20140106 20:16:12.206,1.36335,1.3634
EUR/USD,20140106 20:21:55.457,1.36335,1.3634
EUR/USD,20140106 20:26:55.921,1.36333,1.36337
EUR/USD,20140106 20:32:39.005,1.36335,1.3633899999999999
EUR/USD,20140106 20:37:45.306,1.36334,1.36338
EUR/USD,20140106 20:42:47.712,1.36356,1.3636
EUR/USD,20140106 20:47:47.817,1.36317,1.36321
EUR/USD,20140106 20:52:56.504,1.36317,1.36322
EUR/USD,20140106 20:58:02.108,1.36314,1.36317
EUR/USD,20140106 21:03:02.466,1.36353,1.3635700000000002
EUR/USD,20140106 21:08:06.278,1.36343,1.36348
EUR/USD,20140106 21:13:47.850,1.36363,1.36366
EUR/USD,20140106 21:18:54.509,1.36337,1.36341
EUR/USD,20140106 21:24:19.905,1.3632600000000001,1.36331
EUR/USD,20140106 21:29:26.653,1.36309,1.36314
EUR/USD,20140106 21:34:59.906,1.3632,1.3632
EUR/USD,20140106 21:40:44.203,1.3630000000000002,1.36306
EUR/USD,20140106 21:45:47.587,1.36294,1.36299
EUR/USD,20140106 21:50:48.567,1.36305,1.3631
EUR/USD,20140106 21:55:50.116,1.3627,1.36275
EUR/USD,20140106 22:03:04.309,1.3629799999999999,1.36314
EUR/USD,20140106 22:08:07.809,1.3630200000000001,1.36316
EUR/USD,20140106 22:13:08.616,1.3629799999999999,1.36305
EUR/USD,20140106 22:18:09.397,1.36309,1.3631799999999998
EUR/USD,20140106 22:23:29.204,1.36295,1.36303
EUR/USD,20140106 22:28:30.301,1.36295,1.36306
EUR/USD,20140106 22:33:40.416,1.36311,1.36319
EUR/USD,20140106 22:38:41.410,1.36291,1.36299
EUR/USD,20140106 22:43:42.006,1.36333,1.36338
EUR/USD,20140106 22:48:42.110,1.36307,1.36323
EUR/USD,20140106 22:53:47.177,1.36331,1.36338
EUR/USD,20140106 22:58:47.543,1.36321,1.36327
EUR/USD,20140106 23:03:48.712,1.3629,1.36303
EUR/USD,20140106 23:08:50.307,1.36285,1.36296
EUR/USD,20140106 23:13:51.093,1.3628,1.3628799999999999
EUR/USD,20140106 23:18:51.198,1.36271,1.36279
EUR/USD,20140106 23:23:53.437,1.36286,1.36299
EUR/USD,20140106 23:28:57.575,1.36322,1.3633
EUR/USD,20140106 23:34:02.352,1.36316,1.3632600000000001
EUR/USD,20140106 23:39:11.425,1.36294,1.3630200000000001
EUR/USD,20140106 23:44:27.610,1.36295,1.36303
EUR/USD,20140106 23:49:33.015,1.3629200000000001,1.36301
EUR/USD,20140106 23:54:37.196,1.36299,1.36303
EUR/USD,20140106 23:59:40.004,1.36295,1.36303
EUR/USD,20140107 00:04:40.004,1.36286,1.3629200000000001
EUR/USD,20140107 00:09:46.205,1.36284,1.36291
EUR/USD,20140107 00:14:46.712,1.36276,1.36283
EUR/USD,20140107 00:19:55.006,1.36304,1.36312
EUR/USD,20140107 00:24:56.812,1.36304,1.36313
EUR/USD,20140107 00:30:01.735,1.3628200000000001,1.36289
EUR/USD,20140107 00:35:02.145,1.36255,1.3626200000000002
EUR/USD,20140107 00:40:02.407,1.3622299999999998,1.36229
EUR/USD,20140107 00:45:07.213,1.36235,1.36242
EUR/USD,20140107 00:50:12.718,1.3622100000000001,1.36228
EUR/USD,20140107 00:55:19.864,1.36219,1.36224
EUR/USD,20140107 01:00:22.204,1.3623299999999998,1.36238
EUR/USD,20140107 01:05:23.182,1.36239,1.36245
EUR/USD,20140107 01:10:33.076,1.36256,1.36261
EUR/USD,20140107 01:15:36.914,1.36248,1.3625200000000002
EUR/USD,20140107 01:20:37.666,1.3624100000000001,1.36247
EUR/USD,20140107 01:25:38.746,1.3622,1.36226
EUR/USD,20140107 01:30:39.909,1.36226,1.36229
EUR/USD,20140107 01:35:41.806,1.36219,1.36225
EUR/USD,20140107 01:40:46.382,1.36227,1.3623299999999998
EUR/USD,20140107 01:45:46.744,1.36226,1.36232
EUR/USD,20140107 01:50:53.977,1.36217,1.36222
EUR/USD,20140107 01:55:57.675,1.3623399999999999,1.36238
EUR/USD,20140107 02:00:58.794,1.36249,1.36253
EUR/USD,20140107 02:06:09.213,1.36263,1.36269
EUR/USD,20140107 02:11:27.031,1.36275,1.3627799999999999
EUR/USD,20140107 02:16:29.995,1.36286,1.3629
EUR/USD,20140107 02:21:36.172,1.3630799999999998,1.36312
EUR/USD,20140107 02:26:40.101,1.36285,1.36289
EUR/USD,20140107 02:31:48.997,1.3628,1.36285
EUR/USD,20140107 02:36:49.811,1.36289,1.36293
EUR/USD,20140107 02:41:54.233,1.36304,1.3630799999999998
EUR/USD,20140107 02:46:56.516,1.36286,1.36291
EUR/USD,20140107 02:51:58.407,1.36264,1.36267
EUR/USD,20140107 02:57:01.031,1.36273,1.36277
EUR/USD,20140107 03:02:05.155,1.36276,1.3628200000000001
EUR/USD,20140107 03:07:07.663,1.36299,1.36304
EUR/USD,20140107 03:12:07.787,1.36304,1.3631
EUR/USD,20140107 03:17:13.996,1.36284,1.36287
EUR/USD,20140107 03:22:15.947,1.36243,1.36246
EUR/USD,20140107 03:27:17.314,1.36243,1.36249
EUR/USD,20140107 03:32:27.929,1.36245,1.36249
EUR/USD,20140107 03:37:28.248,1.36236,1.36239
EUR/USD,20140107 03:42:28.704,1.3623299999999998,1.3624
EUR/USD,20140107 03:47:41.741,1.36261,1.36267
EUR/USD,20140107 03:52:42.954,1.36236,1.36239
EUR/USD,20140107 03:57:51.520,1.36242,1.36247
EUR/USD,20140107 04:02:58.029,1.3625399999999999,1.36259
EUR/USD,20140107 04:08:16.872,1.3623299999999998,1.3624
EUR/USD,20140107 04:13:41.810,1.36243,1.36249
EUR/USD,20140107 04:20:00.825,1.3624100000000001,1.36247
EUR/USD,20140107 04:25:01.304,1.36242,1.36249
EUR/USD,20140107 04:30:01.516,1.36255,1.3626
EUR/USD,20140107 04:35:07.822,1.36269,1.36275
EUR/USD,20140107 04:40:08.520,1.36271,1.36277
EUR/USD,20140107 04:45:14.608,1.3627200000000002,1.36275
EUR/USD,20140107 04:50:17.050,1.36269,1.36274
EUR/USD,20140107 04:55:19.883,1.36265,1.3627
EUR/USD,20140107 05:00:29.570,1.36243,1.36247
EUR/USD,20140107 05:05:49.135,1.36243,1.36248
EUR/USD,20140107 05:10:52.710,1.36222,1.36228
EUR/USD,20140107 05:15:53.074,1.36222,1.36228
EUR/USD,20140107 05:20:56.141,1.36236,1.3624100000000001
EUR/USD,20140107 05:26:05.984,1.36251,1.36258
EUR/USD,20140107 05:31:21.513,1.36235,1.36242
EUR/USD,20140107 05:36:24.847,1.36257,1.3626200000000002
EUR/USD,20140107 05:41:28.009,1.36256,1.36261
EUR/USD,20140107 05:46:38.739,1.3623299999999998,1.36237
EUR/USD,20140107 05:51:42.193,1.36225,1.36229
EUR/USD,20140107 05:56:42.423,1.36216,1.36216
EUR/USD,20140107 06:01:46.105,1.36206,1.36209
EUR/USD,20140107 06:06:53.030,1.3620299999999999,1.3620700000000001
EUR/USD,20140107 06:11:53.095,1.3623399999999999,1.36236
EUR/USD,20140107 06:16:53.516,1.3623100000000001,1.36237
EUR/USD,20140107 06:21:54.306,1.36148,1.3615
EUR/USD,20140107 06:26:55.200,1.36113,1.36116
EUR/USD,20140107 06:31:55.708,1.36134,1.36138
EUR/USD,20140107 06:36:56.160,1.3613899999999999,1.36143
EUR/USD,20140107 06:42:10.137,1.3616,1.36164
EUR/USD,20140107 06:47:15.512,1.36174,1.36179
EUR/USD,20140107 06:52:15.606,1.3617299999999999,1.36175
EUR/USD,20140107 06:57:20.319,1.36171,1.3617700000000001
EUR/USD,20140107 07:02:24.911,1.36194,1.36198
EUR/USD,20140107 07:07:26.402,1.3623399999999999,1.36238
EUR/USD,20140107 07:12:33.010,1.36214,1.36216
EUR/USD,20140107 07:17:33.307,1.36236,1.36238
EUR/USD,20140107 07:22:35.748,1.3625200000000002,1.36255
EUR/USD,20140107 07:27:42.010,1.36236,1.36239
EUR/USD,20140107 07:32:43.009,1.36191,1.36195
EUR/USD,20140107 07:37:44.709,1.36185,1.36189
EUR/USD,20140107 07:42:52.099,1.36215,1.36219
EUR/USD,20140107 07:47:52.109,1.3619,1.36195
EUR/USD,20140107 07:52:53.158,1.36184,1.3618700000000001
EUR/USD,20140107 07:57:59.301,1.36176,1.36179
EUR/USD,20140107 08:03:00.208,1.36133,1.3613600000000001
EUR/USD,20140107 08:08:01.309,1.36161,1.36164
EUR/USD,20140107 08:13:02.906,1.36216,1.3622
EUR/USD,20140107 08:18:05.624,1.3623299999999998,1.36237
EUR/USD,20140107 08:23:05.760,1.3618700000000001,1.36189
EUR/USD,20140107 08:28:09.462,1.3618700000000001,1.3619
EUR/USD,20140107 08:33:22.858,1.36194,1.3619700000000001
EUR/USD,20140107 08:38:30.807,1.3621299999999998,1.36217
EUR/USD,20140107 08:43:33.205,1.36192,1.36196
EUR/USD,20140107 08:48:35.147,1.36194,1.3619700000000001
EUR/USD,20140107 08:53:36.020,1.3624399999999999,1.36248
EUR/USD,20140107 08:58:37.114,1.3624399999999999,1.36248
EUR/USD,20140107 09:03:37.123,1.3628200000000001,1.36283
EUR/USD,20140107 09:08:38.449,1.36317,1.3631799999999998
EUR/USD,20140107 09:13:38.824,1.36266,1.36269
EUR/USD,20140107 09:18:39.075,1.36255,1.36258
EUR/USD,20140107 09:23:41.502,1.36216,1.36218
EUR/USD,20140107 09:28:47.309,1.36172,1.36175
EUR/USD,20140107 09:33:47.580,1.36185,1.3618700000000001
EUR/USD,20140107 09:38:48.008,1.36185,1.36188
EUR/USD,20140107 09:43:49.642,1.36215,1.36218
EUR/USD,20140107 09:48:50.409,1.36226,1.36229
EUR/USD,20140107 09:53:51.350,1.36265,1.36269
EUR/USD,20140107 09:58:51.924,1.36178,1.36182
EUR/USD,20140107 10:03:52.406,1.3628,1.36283
EUR/USD,20140107 10:08:52.624,1.36214,1.36218
EUR/USD,20140107 10:13:53.215,1.36192,1.36195
EUR/USD,20140107 10:18:56.644,1.3618700000000001,1.36188
EUR/USD,20140107 10:24:02.997,1.36199,1.36202
EUR/USD,20140107 10:29:04.414,1.36216,1.3622
EUR/USD,20140107 10:34:04.706,1.36297,1.36297
EUR/USD,20140107 10:39:04.797,1.3640299999999999,1.3640700000000001
EUR/USD,20140107 10:44:07.069,1.36392,1.36395
EUR/USD,20140107 10:49:07.407,1.3641,1.36412
EUR/USD,20140107 10:54:07.906,1.36461,1.3646399999999999
EUR/USD,20140107 10:59:10.360,1.36415,1.36418
EUR/USD,20140107 11:04:10.374,1.36458,1.3646200000000002
EUR/USD,20140107 11:09:12.110,1.36455,1.36457
EUR/USD,20140107 11:14:18.510,1.36469,1.36471
EUR/USD,20140107 11:19:19.938,1.36479,1.36481
EUR/USD,20140107 11:24:20.009,1.36475,1.3647799999999999
EUR/USD,20140107 11:29:22.383,1.36437,1.3644
EUR/USD,20140107 11:34:29.251,1.3643399999999999,1.36435
EUR/USD,20140107 11:39:35.510,1.3642299999999998,1.36427
EUR/USD,20140107 11:44:37.089,1.3643299999999998,1.36435
EUR/USD,20140107 11:49:37.781,1.3639,1.36392
EUR/USD,20140107 11:54:39.224,1.36375,1.3637700000000001
EUR/USD,20140107 11:59:39.507,1.36366,1.36366
EUR/USD,20140107 12:04:43.329,1.36419,1.36422
EUR/USD,20140107 12:09:46.828,1.36414,1.36417
EUR/USD,20140107 12:14:47.145,1.36527,1.3652799999999998
EUR/USD,20140107 12:19:47.323,1.36527,1.36531
EUR/USD,20140107 12:24:47.794,1.36446,1.36449
EUR/USD,20140107 12:29:49.588,1.36457,1.3646200000000002
EUR/USD,20140107 12:34:49.642,1.36409,1.36414
EUR/USD,20140107 12:39:50.306,1.3646,1.36463
EUR/USD,20140107 12:44:51.048,1.36429,1.3643299999999998
EUR/USD,20140107 12:49:51.075,1.3645100000000001,1.3645399999999999
EUR/USD,20140107 12:54:54.013,1.36399,1.36404
EUR/USD,20140107 12:59:55.678,1.3643,1.36432
EUR/USD,20140107 13:04:59.101,1.36442,1.36445
EUR/USD,20140107 13:09:59.707,1.36497,1.36501
EUR/USD,20140107 13:14:59.709,1.36404,1.36408
EUR/USD,20140107 13:20:00.050,1.36358,1.36363
EUR/USD,20140107 13:25:00.095,1.36384,1.36389
EUR/USD,20140107 13:30:01.086,1.3637700000000001,1.36381
EUR/USD,20140107 13:35:01.450,1.36299,1.36303
EUR/USD,20140107 13:40:03.339,1.36325,1.36329
EUR/USD,20140107 13:45:05.110,1.36369,1.36372
EUR/USD,20140107 13:50:05.813,1.3634600000000001,1.3634899999999999
EUR/USD,20140107 13:55:06.246,1.36285,1.36291
EUR/USD,20140107 14:00:06.922,1.36296,1.3630000000000002
EUR/USD,20140107 14:05:07.342,1.3631799999999998,1.3632
EUR/USD,20140107 14:10:10.009,1.36319,1.36323
EUR/USD,20140107 14:15:21.103,1.36296,1.36299
EUR/USD,20140107 14:20:21.112,1.36289,1.3629
EUR/USD,20140107 14:25:21.118,1.36275,1.36277
EUR/USD,20140107 14:30:21.124,1.36276,1.3628
EUR/USD,20140107 14:35:26.797,1.36327,1.36329
EUR/USD,20140107 14:40:27.944,1.36307,1.36309
EUR/USD,20140107 14:45:29.005,1.36253,1.36256
EUR/USD,20140107 14:50:32.206,1.36199,1.36201
EUR/USD,20140107 14:55:36.105,1.3622,1.36224
EUR/USD,20140107 15:00:36.409,1.3621,1.3621299999999998
EUR/USD,20140107 15:05:36.779,1.36037,1.3604100000000001
EUR/USD,20140107 15:10:36.807,1.3598700000000001,1.3599
EUR/USD,20140107 15:15:36.904,1.35979,1.35984
EUR/USD,20140107 15:20:37.908,1.3603299999999998,1.36035
EUR/USD,20140107 15:25:38.680,1.36026,1.3603
EUR/USD,20140107 15:30:41.984,1.36027,1.36029
EUR/USD,20140107 15:35:47.605,1.3603100000000001,1.36035
EUR/USD,20140107 15:40:57.710,1.36046,1.36049
EUR/USD,20140107 15:45:58.074,1.36073,1.36077
EUR/USD,20140107 15:51:00.616,1.36066,1.36069
EUR/USD,20140107 15:56:00.913,1.35994,1.35998
EUR/USD,20140107 16:01:01.129,1.36057,1.3606
EUR/USD,20140107 16:06:01.278,1.3607200000000002,1.36075
EUR/USD,20140107 16:11:01.319,1.36095,1.36096
EUR/USD,20140107 16:16:01.512,1.36097,1.361
EUR/USD,20140107 16:21:01.677,1.36198,1.36201
EUR/USD,20140107 16:26:01.953,1.36164,1.3616700000000002
EUR/USD,20140107 16:31:03.542,1.36156,1.3615899999999999
EUR/USD,20140107 16:36:03.825,1.3613600000000001,1.3613899999999999
EUR/USD,20140107 16:41:04.710,1.36166,1.3617
EUR/USD,20140107 16:46:06.106,1.36186,1.3619
EUR/USD,20140107 16:51:08.614,1.3618,1.36184
EUR/USD,20140107 16:56:08.808,1.36161,1.36165
EUR/USD,20140107 17:01:11.111,1.36168,1.36172
EUR/USD,20140107 17:06:12.193,1.36192,1.36195
EUR/USD,20140107 17:11:18.021,1.3623,1.36235
EUR/USD,20140107 17:16:18.206,1.3630799999999998,1.36312
EUR/USD,20140107 17:21:18.492,1.36375,1.36376
EUR/USD,20140107 17:26:18.545,1.36384,1.3638700000000001
EUR/USD,20140107 17:31:18.782,1.36356,1.36361
EUR/USD,20140107 17:36:23.905,1.36335,1.36338
EUR/USD,20140107 17:41:24.606,1.36344,1.3634700000000002
EUR/USD,20140107 17:46:27.700,1.36327,1.36331
EUR/USD,20140107 17:51:28.624,1.36306,1.36311
EUR/USD,20140107 17:56:29.027,1.3630200000000001,1.36305
EUR/USD,20140107 18:01:29.166,1.36301,1.36304
EUR/USD,20140107 18:06:29.763,1.36224,1.36229
EUR/USD,20140107 18:11:30.151,1.36216,1.36217
EUR/USD,20140107 18:16:39.007,1.36208,1.3621
EUR/USD,20140107 18:21:39.008,1.3618,1.3618299999999999
EUR/USD,20140107 18:26:39.810,1.36212,1.36215
EUR/USD,20140107 18:31:41.106,1.36178,1.36182
EUR/USD,20140107 18:36:42.618,1.36188,1.36192
EUR/USD,20140107 18:41:42.824,1.3618700000000001,1.3619
EUR/USD,20140107 18:46:44.359,1.36204,1.36208
EUR/USD,20140107 18:51:44.397,1.3619,1.36194
EUR/USD,20140107 18:56:47.133,1.36169,1.36174
EUR/USD,20140107 19:01:47.701,1.36153,1.36155
EUR/USD,20140107 19:06:59.213,1.36148,1.36152
EUR/USD,20140107 19:11:59.808,1.36171,1.36176
EUR/USD,20140107 19:17:15.486,1.3617,1.36174
EUR/USD,20140107 19:22:25.439,1.3615899999999999,1.36164
EUR/USD,20140107 19:27:33.823,1.36189,1.36192
EUR/USD,20140107 19:32:34.200,1.36201,1.3620299999999999
EUR/USD,20140107 19:37:35.760,1.3617700000000001,1.36182
EUR/USD,20140107 19:42:57.005,1.36168,1.36169
EUR/USD,20140107 19:48:09.406,1.3617299999999999,1.36175
EUR/USD,20140107 19:53:31.305,1.36179,1.3618
EUR/USD,20140107 19:58:32.753,1.36178,1.36181
EUR/USD,20140107 20:03:33.711,1.36181,1.3618299999999999
EUR/USD,20140107 20:08:44.136,1.3616,1.36162
EUR/USD,20140107 20:13:49.305,1.36152,1.36153
EUR/USD,20140107 20:18:59.221,1.36161,1.36165
EUR/USD,20140107 20:24:02.506,1.36133,1.36134
EUR/USD,20140107 20:29:03.116,1.36142,1.36145
EUR/USD,20140107 20:34:03.464,1.36153,1.3615700000000002
EUR/USD,20140107 20:39:07.269,1.36137,1.3614
EUR/USD,20140107 20:44:14.278,1.3613899999999999,1.36141
EUR/USD,20140107 20:49:20.290,1.3614899999999999,1.36153
EUR/USD,20140107 20:54:40.114,1.36154,1.36156
EUR/USD,20140107 20:59:44.509,1.36145,1.3614700000000002
EUR/USD,20140107 21:05:10.971,1.36153,1.3615700000000002
EUR/USD,20140107 21:10:11.789,1.3614,1.36141
EUR/USD,20140107 21:15:29.507,1.36152,1.36155
EUR/USD,20140107 21:20:30.329,1.3613899999999999,1.36142
EUR/USD,20140107 21:25:30.705,1.36152,1.36154
EUR/USD,20140107 21:30:42.809,1.36138,1.3614
EUR/USD,20140107 21:35:43.687,1.36156,1.3615899999999999
EUR/USD,20140107 21:40:47.512,1.36135,1.36138
EUR/USD,20140107 21:45:48.109,1.36153,1.36156
EUR/USD,20140107 21:51:01.905,1.36152,1.36154
EUR/USD,20140107 21:56:04.113,1.36155,1.36161
EUR/USD,20140107 22:03:03.257,1.36175,1.36182
EUR/USD,20140107 22:08:15.732,1.36161,1.36169
EUR/USD,20140107 22:13:17.193,1.3617,1.36178
EUR/USD,20140107 22:18:28.605,1.3616700000000002,1.3617700000000001
EUR/USD,20140107 22:23:29.609,1.36142,1.36148
EUR/USD,20140107 22:28:33.058,1.36114,1.36122
EUR/USD,20140107 22:33:34.425,1.36135,1.3615
EUR/USD,20140107 22:38:41.790,1.3613600000000001,1.36138
EUR/USD,20140107 22:43:45.251,1.36144,1.3615
EUR/USD,20140107 22:49:09.806,1.36132,1.3614700000000002
EUR/USD,20140107 22:54:17.194,1.36135,1.36143
EUR/USD,20140107 23:00:00.018,1.36138,1.36145
EUR/USD,20140107 23:05:30.382,1.36155,1.36165
EUR/USD,20140107 23:10:54.624,1.36144,1.36153
EUR/USD,20140107 23:16:00.809,1.3615,1.36161
EUR/USD,20140107 23:21:08.396,1.36151,1.36162
EUR/USD,20140107 23:26:09.895,1.3616700000000002,1.36175
EUR/USD,20140107 23:31:25.895,1.36155,1.36166
EUR/USD,20140107 23:36:38.709,1.36153,1.36162
EUR/USD,20140107 23:41:44.553,1.3614600000000001,1.36153
EUR/USD,20140107 23:46:45.818,1.36161,1.36164
EUR/USD,20140107 23:52:02.196,1.3614700000000002,1.36153
EUR/USD,20140107 23:57:07.857,1.3616,1.3616700000000002
EUR/USD,20140108 00:02:09.508,1.3614899999999999,1.36156
EUR/USD,20140108 00:07:09.518,1.36111,1.3611799999999998
EUR/USD,20140108 00:12:15.700,1.36111,1.36117
EUR/USD,20140108 00:17:22.013,1.36068,1.36074
EUR/USD,20140108 00:22:22.893,1.36053,1.36058
EUR/USD,20140108 00:27:41.317,1.3608200000000001,1.36087
EUR/USD,20140108 00:32:42.005,1.36064,1.36069
EUR/USD,20140108 00:37:45.309,1.36068,1.3607
EUR/USD,20140108 00:42:47.153,1.36063,1.36069
EUR/USD,20140108 00:47:55.765,1.36059,1.36065
EUR/USD,20140108 00:54:03.820,1.3606,1.36064
EUR/USD,20140108 00:59:05.508,1.3607200000000002,1.36075
EUR/USD,20140108 01:04:12.112,1.36067,1.36073
EUR/USD,20140108 01:09:16.893,1.36153,1.36158
EUR/USD,20140108 01:14:17.109,1.36158,1.36163
EUR/USD,20140108 01:19:18.610,1.36158,1.36163
EUR/USD,20140108 01:24:19.649,1.36161,1.36165
EUR/USD,20140108 01:29:20.511,1.36163,1.36168
EUR/USD,20140108 01:34:22.914,1.36247,1.36253
EUR/USD,20140108 01:39:23.130,1.36294,1.3630000000000002
EUR/USD,20140108 01:44:27.353,1.36299,1.36304
EUR/USD,20140108 01:49:31.312,1.36309,1.36313
EUR/USD,20140108 01:54:43.451,1.36273,1.36277
EUR/USD,20140108 01:59:43.915,1.3628,1.36285
EUR/USD,20140108 02:04:58.907,1.36271,1.36276
EUR/USD,20140108 02:10:07.101,1.36285,1.36286
EUR/USD,20140108 02:15:07.539,1.3627,1.36275
EUR/USD,20140108 02:20:11.006,1.36265,1.36271
EUR/USD,20140108 02:25:13.521,1.36279,1.36285
EUR/USD,20140108 02:30:17.193,1.3627,1.36276
EUR/USD,20140108 02:35:27.311,1.36269,1.36276
EUR/USD,20140108 02:40:29.410,1.36273,1.36279
EUR/USD,20140108 02:46:02.791,1.36271,1.36276
EUR/USD,20140108 02:51:25.865,1.36271,1.36276
EUR/USD,20140108 02:56:30.914,1.3627,1.36277
EUR/USD,20140108 03:01:44.924,1.3627200000000002,1.36277
EUR/USD,20140108 03:06:51.092,1.3626,1.36263
EUR/USD,20140108 03:11:53.401,1.36228,1.3623399999999999
EUR/USD,20140108 03:17:13.506,1.36212,1.36215
EUR/USD,20140108 03:22:33.103,1.3621299999999998,1.3622
EUR/USD,20140108 03:27:36.806,1.3622,1.36226
EUR/USD,20140108 03:32:36.811,1.36235,1.36236
EUR/USD,20140108 03:37:44.023,1.36238,1.36242
EUR/USD,20140108 03:42:47.705,1.3623100000000001,1.36236
EUR/USD,20140108 03:48:24.491,1.36209,1.3621299999999998
EUR/USD,20140108 03:53:39.246,1.36228,1.3623299999999998
EUR/USD,20140108 03:59:00.796,1.36218,1.3622299999999998
EUR/USD,20140108 04:04:01.112,1.3622299999999998,1.36228
EUR/USD,20140108 04:09:02.807,1.36229,1.3623399999999999
EUR/USD,20140108 04:14:19.661,1.3623299999999998,1.36235
EUR/USD,20140108 04:19:21.274,1.36243,1.36247
EUR/USD,20140108 04:24:22.514,1.36251,1.36255
EUR/USD,20140108 04:29:26.831,1.36243,1.36246
EUR/USD,20140108 04:34:32.011,1.36232,1.36235
EUR/USD,20140108 04:39:33.193,1.36232,1.36236
EUR/USD,20140108 04:44:33.952,1.36238,1.36242
EUR/USD,20140108 04:49:38.507,1.36275,1.3627799999999999
EUR/USD,20140108 04:54:47.194,1.36313,1.3631799999999998
EUR/USD,20140108 04:59:49.023,1.36319,1.36323
EUR/USD,20140108 05:05:01.708,1.36338,1.36343
EUR/USD,20140108 05:10:02.329,1.3634700000000002,1.36352
EUR/USD,20140108 05:15:31.769,1.36337,1.36341
EUR/USD,20140108 05:20:33.570,1.36319,1.36323
EUR/USD,20140108 05:25:52.193,1.36319,1.36324
EUR/USD,20140108 05:30:55.491,1.36317,1.36322
EUR/USD,20140108 05:36:01.027,1.36315,1.36319
EUR/USD,20140108 05:41:02.725,1.36287,1.3629200000000001
EUR/USD,20140108 05:46:04.226,1.36283,1.36286
EUR/USD,20140108 05:51:04.314,1.36293,1.36297
EUR/USD,20140108 05:56:10.914,1.3628,1.36283
EUR/USD,20140108 06:01:20.025,1.3629,1.36294
EUR/USD,20140108 06:06:26.007,1.36327,1.3633
EUR/USD,20140108 06:11:38.026,1.36311,1.36314
EUR/USD,20140108 06:16:51.336,1.3631,1.36313
EUR/USD,20140108 06:21:54.881,1.36276,1.36279
EUR/USD,20140108 06:26:56.194,1.36263,1.36266
EUR/USD,20140108 06:32:36.983,1.36257,1.36261
EUR/USD,20140108 06:37:41.062,1.36294,1.36297
EUR/USD,20140108 06:42:49.783,1.36269,1.36273
EUR/USD,20140108 06:47:53.283,1.3627200000000002,1.3627799999999999
EUR/USD,20140108 06:52:53.523,1.36273,1.36277
EUR/USD,20140108 06:57:56.263,1.36294,1.3629799999999999
EUR/USD,20140108 07:02:58.006,1.36255,1.36258
EUR/USD,20140108 07:08:19.307,1.36228,1.3623100000000001
EUR/USD,20140108 07:13:20.932,1.36235,1.36238
EUR/USD,20140108 07:18:30.593,1.3623100000000001,1.36235
EUR/USD,20140108 07:23:31.707,1.3623399999999999,1.36236
EUR/USD,20140108 07:28:37.007,1.36208,1.36211
EUR/USD,20140108 07:33:38.815,1.36228,1.36232
EUR/USD,20140108 07:39:13.023,1.3623299999999998,1.36235
EUR/USD,20140108 07:44:14.383,1.36169,1.3617299999999999
EUR/USD,20140108 07:49:16.608,1.36191,1.36194
EUR/USD,20140108 07:54:25.605,1.36184,1.3618700000000001
EUR/USD,20140108 07:59:25.651,1.3617700000000001,1.36179
EUR/USD,20140108 08:04:26.615,1.36156,1.3616
EUR/USD,20140108 08:09:26.616,1.36135,1.36137
EUR/USD,20140108 08:14:26.637,1.3605,1.3605
EUR/USD,20140108 08:19:26.930,1.3603299999999998,1.36036
EUR/USD,20140108 08:24:27.107,1.36071,1.36074
EUR/USD,20140108 08:29:27.216,1.36085,1.3608799999999999
EUR/USD,20140108 08:34:35.663,1.36067,1.36069
EUR/USD,20140108 08:39:36.473,1.36039,1.36042
EUR/USD,20140108 08:44:39.908,1.36012,1.36016
EUR/USD,20140108 08:49:40.420,1.36046,1.3605
EUR/USD,20140108 08:54:40.690,1.36048,1.3605200000000002
EUR/USD,20140108 08:59:43.561,1.36074,1.36077
EUR/USD,20140108 09:04:43.901,1.36059,1.3606200000000002
EUR/USD,20140108 09:09:46.301,1.36093,1.36097
EUR/USD,20140108 09:14:47.719,1.36101,1.36105
EUR/USD,20140108 09:19:47.967,1.36091,1.36095
EUR/USD,20140108 09:24:52.206,1.3608200000000001,1.36086
EUR/USD,20140108 09:29:52.314,1.36036,1.3604
EUR/USD,20140108 09:34:54.251,1.36012,1.36015
EUR/USD,20140108 09:39:59.810,1.36025,1.36029
EUR/USD,20140108 09:45:00.310,1.35999,1.36002
EUR/USD,20140108 09:50:00.812,1.3599700000000001,1.35999
EUR/USD,20140108 09:55:01.148,1.36036,1.36038
EUR/USD,20140108 10:00:01.350,1.36026,1.36045
EUR/USD,20140108 10:05:02.148,1.36074,1.36075
EUR/USD,20140108 10:10:02.773,1.36051,1.36055
EUR/USD,20140108 10:15:03.962,1.36018,1.36022
EUR/USD,20140108 10:20:09.184,1.35991,1.35992
EUR/USD,20140108 10:25:10.564,1.35938,1.35943
EUR/USD,20140108 10:30:11.008,1.35897,1.359
EUR/USD,20140108 10:35:11.723,1.3589200000000001,1.35896
EUR/USD,20140108 10:40:11.788,1.35864,1.35867
EUR/USD,20140108 10:45:12.907,1.3586200000000002,1.35867
EUR/USD,20140108 10:50:16.390,1.35863,1.35867
EUR/USD,20140108 10:55:16.885,1.35822,1.35826
EUR/USD,20140108 11:00:16.916,1.35802,1.35808
EUR/USD,20140108 11:05:19.632,1.3586200000000002,1.35866
EUR/USD,20140108 11:10:19.642,1.3583399999999999,1.35837
EUR/USD,20140108 11:15:20.397,1.35863,1.35867
EUR/USD,20140108 11:20:20.885,1.3584200000000002,1.35846
EUR/USD,20140108 11:25:22.471,1.35866,1.3586799999999999
EUR/USD,20140108 11:30:22.508,1.3586200000000002,1.35865
EUR/USD,20140108 11:35:27.605,1.3587,1.35873
EUR/USD,20140108 11:40:29.749,1.35876,1.3588
EUR/USD,20140108 11:45:31.813,1.3583100000000001,1.3583399999999999
EUR/USD,20140108 11:50:35.609,1.35824,1.35827
EUR/USD,20140108 11:55:35.695,1.35814,1.35815
EUR/USD,20140108 12:00:37.917,1.35825,1.35827
EUR/USD,20140108 12:05:45.834,1.3582,1.3582299999999998
EUR/USD,20140108 12:10:55.356,1.3584200000000002,1.35845
EUR/USD,20140108 12:16:09.659,1.35864,1.35867
EUR/USD,20140108 12:21:12.104,1.35893,1.35897
EUR/USD,20140108 12:26:13.305,1.3592,1.35924
EUR/USD,20140108 12:31:16.443,1.35924,1.35927
EUR/USD,20140108 12:36:21.897,1.3591,1.35914
EUR/USD,20140108 12:41:22.063,1.35909,1.35913
EUR/USD,20140108 12:46:23.362,1.35879,1.3588200000000001
EUR/USD,20140108 12:51:31.397,1.35901,1.35903
EUR/USD,20140108 12:56:37.889,1.35893,1.35897
EUR/USD,20140108 13:01:37.938,1.3591799999999998,1.3592
EUR/USD,20140108 13:06:38.899,1.35914,1.3591600000000001
EUR/USD,20140108 13:11:39.214,1.35942,1.3594600000000001
EUR/USD,20140108 13:16:39.222,1.3574,1.35742
EUR/USD,20140108 13:21:40.728,1.3571799999999998,1.35722
EUR/USD,20140108 13:26:40.818,1.35766,1.35771
EUR/USD,20140108 13:31:44.907,1.35789,1.35792
EUR/USD,20140108 13:36:45.911,1.3588,1.35883
EUR/USD,20140108 13:41:48.916,1.3583,1.3583399999999999
EUR/USD,20140108 13:46:51.811,1.35881,1.35885
EUR/USD,20140108 13:51:52.521,1.3586,1.35864
EUR/USD,20140108 13:56:53.458,1.3587799999999999,1.35883
EUR/USD,20140108 14:01:53.607,1.3594600000000001,1.35948
EUR/USD,20140108 14:06:55.777,1.3591799999999998,1.35921
EUR/USD,20140108 14:11:56.909,1.3597700000000001,1.35981
EUR/USD,20140108 14:16:56.944,1.36026,1.3603100000000001
EUR/USD,20140108 14:21:57.011,1.36057,1.3606200000000002
EUR/USD,20140108 14:26:57.011,1.36049,1.3605
EUR/USD,20140108 14:31:57.611,1.35991,1.35994
EUR/USD,20140108 14:36:59.106,1.35931,1.35934
EUR/USD,20140108 14:42:02.238,1.35989,1.3599299999999999
EUR/USD,20140108 14:47:03.012,1.35975,1.35978
EUR/USD,20140108 14:52:08.118,1.35969,1.35972
EUR/USD,20140108 14:57:11.211,1.35979,1.35982
EUR/USD,20140108 15:02:11.501,1.36004,1.3600700000000001
EUR/USD,20140108 15:07:12.105,1.36122,1.36124
EUR/USD,20140108 15:12:13.533,1.36123,1.3612600000000001
EUR/USD,20140108 15:17:17.408,1.3612,1.36123
EUR/USD,20140108 15:22:17.962,1.36105,1.36107
EUR/USD,20140108 15:27:19.409,1.36119,1.36122
EUR/USD,20140108 15:32:19.613,1.3611799999999998,1.36121
EUR/USD,20140108 15:37:20.139,1.3612799999999998,1.3613
EUR/USD,20140108 15:42:20.768,1.3608200000000001,1.36085
EUR/USD,20140108 15:47:20.860,1.3603,1.36032
EUR/USD,20140108 15:52:22.075,1.36048,1.36051
EUR/USD,20140108 15:57:22.663,1.36065,1.36069
EUR/USD,20140108 16:02:22.665,1.3600299999999999,1.36005
EUR/USD,20140108 16:07:23.297,1.3595,1.35952
EUR/USD,20140108 16:12:24.329,1.35934,1.3593600000000001
EUR/USD,20140108 16:17:24.354,1.35873,1.3587799999999999
EUR/USD,20140108 16:22:25.808,1.35895,1.3589799999999999
EUR/USD,20140108 16:27:26.510,1.35899,1.35901
EUR/USD,20140108 16:32:27.276,1.35857,1.35861
EUR/USD,20140108 16:37:27.307,1.35887,1.3589
EUR/USD,20140108 16:42:27.610,1.35879,1.35881
EUR/USD,20140108 16:47:30.707,1.35853,1.35857
EUR/USD,20140108 16:52:31.811,1.35863,1.35867
EUR/USD,20140108 16:57:34.026,1.3586200000000002,1.35866
EUR/USD,20140108 17:02:36.603,1.35824,1.35827
EUR/USD,20140108 17:07:37.012,1.35779,1.3578299999999999
EUR/USD,20140108 17:12:39.109,1.35775,1.3577700000000001
EUR/USD,20140108 17:17:44.939,1.3577,1.3577299999999999
EUR/USD,20140108 17:22:45.173,1.3571,1.35713
EUR/USD,20140108 17:27:45.527,1.35651,1.35651
EUR/USD,20140108 17:32:49.327,1.3566200000000002,1.35666
EUR/USD,20140108 17:37:50.506,1.35674,1.35676
EUR/USD,20140108 17:42:53.608,1.35614,1.35618
EUR/USD,20140108 17:48:00.210,1.35633,1.35635
EUR/USD,20140108 17:53:02.212,1.3566200000000002,1.35666
EUR/USD,20140108 17:58:06.494,1.35691,1.35695
EUR/USD,20140108 18:03:10.817,1.35707,1.35709
EUR/USD,20140108 18:08:15.668,1.35712,1.3571600000000001
EUR/USD,20140108 18:13:16.509,1.357,1.35704
EUR/USD,20140108 18:18:17.533,1.3564100000000001,1.3564399999999999
EUR/USD,20140108 18:23:26.111,1.3568,1.35683
EUR/USD,20140108 18:28:27.039,1.3569799999999999,1.357
EUR/USD,20140108 18:33:29.906,1.35701,1.35703
EUR/USD,20140108 18:39:02.946,1.3569,1.3569200000000001
EUR/USD,20140108 18:44:05.207,1.35707,1.35709
EUR/USD,20140108 18:49:10.210,1.35703,1.35707
EUR/USD,20140108 18:54:16.851,1.35691,1.35696
EUR/USD,20140108 18:59:21.711,1.35712,1.35715
EUR/USD,20140108 19:04:23.453,1.3563399999999999,1.35638
EUR/USD,20140108 19:09:23.453,1.35558,1.35559
EUR/USD,20140108 19:14:24.412,1.3559,1.35594
EUR/USD,20140108 19:19:26.775,1.3556,1.35564
EUR/USD,20140108 19:24:26.913,1.3563100000000001,1.35633
EUR/USD,20140108 19:29:27.007,1.35722,1.35724
EUR/USD,20140108 19:34:29.791,1.35701,1.35706
EUR/USD,20140108 19:39:29.793,1.3564200000000002,1.35645
EUR/USD,20140108 19:44:30.830,1.35695,1.35699
EUR/USD,20140108 19:49:31.023,1.35704,1.3570799999999998
EUR/USD,20140108 19:54:33.374,1.35666,1.3567
EUR/USD,20140108 19:59:33.411,1.35829,1.3583
EUR/USD,20140108 20:04:34.610,1.35756,1.35761
EUR/USD,20140108 20:09:43.380,1.35733,1.35735
EUR/USD,20140108 20:14:48.804,1.35762,1.35766
EUR/USD,20140108 20:19:57.277,1.3577299999999999,1.35775
EUR/USD,20140108 20:25:00.909,1.35778,1.3578299999999999
EUR/USD,20140108 20:30:01.094,1.35802,1.35804
EUR/USD,20140108 20:35:01.106,1.35825,1.35828
EUR/USD,20140108 20:40:01.307,1.35807,1.3581
EUR/USD,20140108 20:45:01.310,1.35778,1.35779
EUR/USD,20140108 20:50:01.330,1.35759,1.35763
EUR/USD,20140108 20:55:01.925,1.35792,1.3579700000000001
EUR/USD,20140108 21:00:02.398,1.35815,1.35819
EUR/USD,20140108 21:05:07.562,1.35802,1.35806
EUR/USD,20140108 21:10:11.322,1.35815,1.35818
EUR/USD,20140108 21:15:13.501,1.35789,1.3579299999999999
EUR/USD,20140108 21:20:20.999,1.35765,1.35765
EUR/USD,20140108 21:25:22.404,1.35735,1.35738
EUR/USD,20140108 21:30:28.705,1.35743,1.3574700000000002
EUR/USD,20140108 21:35:31.620,1.35768,1.35771
EUR/USD,20140108 21:40:44.408,1.35732,1.35735
EUR/USD,20140108 21:45:45.008,1.35765,1.35768
EUR/USD,20140108 21:50:48.724,1.35785,1.35791
EUR/USD,20140108 21:55:59.205,1.3579299999999999,1.35795
EUR/USD,20140108 22:03:03.319,1.35746,1.35758
EUR/USD,20140108 22:08:09.784,1.35766,1.35776
EUR/USD,20140108 22:13:34.428,1.35778,1.35784
EUR/USD,20140108 22:18:36.507,1.3577,1.3577700000000001
EUR/USD,20140108 22:23:36.702,1.35776,1.35785
EUR/USD,20140108 22:28:57.006,1.35769,1.35775
EUR/USD,20140108 22:34:03.309,1.35752,1.35762
EUR/USD,20140108 22:39:07.907,1.35766,1.3577
EUR/USD,20140108 22:44:08.308,1.35764,1.35768
EUR/USD,20140108 22:49:27.096,1.3575700000000002,1.35765
EUR/USD,20140108 22:54:49.203,1.35724,1.3573600000000001
EUR/USD,20140108 22:59:53.509,1.3574700000000002,1.35754
EUR/USD,20140108 23:04:56.941,1.35737,1.35748
EUR/USD,20140108 23:10:09.011,1.35769,1.35778
EUR/USD,20140108 23:15:13.717,1.35761,1.3577
EUR/USD,20140108 23:20:29.894,1.3575,1.35761
EUR/USD,20140108 23:25:49.313,1.3575700000000002,1.3576700000000002
EUR/USD,20140108 23:31:04.673,1.35762,1.35769
EUR/USD,20140108 23:36:08.871,1.35761,1.35768
EUR/USD,20140108 23:41:22.472,1.35769,1.3577700000000001
EUR/USD,20140108 23:46:28.610,1.3574700000000002,1.35755
EUR/USD,20140108 23:51:29.407,1.35733,1.3573600000000001
EUR/USD,20140108 23:56:29.451,1.35727,1.35734
EUR/USD,20140109 00:01:29.611,1.35711,1.35717
EUR/USD,20140109 00:06:31.623,1.35706,1.35712
EUR/USD,20140109 00:11:34.348,1.3570200000000001,1.35709
EUR/USD,20140109 00:16:37.110,1.3572799999999998,1.35735
EUR/USD,20140109 00:21:40.112,1.3574899999999999,1.35756
EUR/USD,20140109 00:26:48.810,1.35737,1.35744
EUR/USD,20140109 00:31:51.244,1.35759,1.3576700000000002
EUR/USD,20140109 00:36:57.215,1.35741,1.35746
EUR/USD,20140109 00:42:13.031,1.35731,1.35738
EUR/USD,20140109 00:47:15.010,1.35738,1.35743
EUR/USD,20140109 00:52:30.859,1.3574899999999999,1.35756
EUR/USD,20140109 00:57:38.905,1.35737,1.35742
EUR/USD,20140109 01:02:41.181,1.35732,1.35737
EUR/USD,20140109 01:07:46.210,1.35709,1.35714
EUR/USD,20140109 01:12:49.450,1.35732,1.35738
EUR/USD,20140109 01:18:01.008,1.35752,1.35756
EUR/USD,20140109 01:23:01.570,1.3577299999999999,1.35776
EUR/USD,20140109 01:28:05.676,1.35742,1.35745
EUR/USD,20140109 01:33:08.717,1.35759,1.35765
EUR/USD,20140109 01:38:19.907,1.35753,1.35756
EUR/USD,20140109 01:43:21.701,1.35771,1.35775
EUR/USD,20140109 01:48:21.818,1.35764,1.35769
EUR/USD,20140109 01:53:22.333,1.3578,1.3578299999999999
EUR/USD,20140109 01:58:23.196,1.35791,1.3579700000000001
EUR/USD,20140109 02:03:23.286,1.35779,1.35782
EUR/USD,20140109 02:08:26.909,1.35713,1.3571600000000001
EUR/USD,20140109 02:13:30.724,1.3573899999999999,1.35744
EUR/USD,20140109 02:18:45.289,1.35743,1.3574899999999999
EUR/USD,20140109 02:23:54.022,1.35744,1.35748
EUR/USD,20140109 02:29:01.815,1.3573899999999999,1.35743
EUR/USD,20140109 02:34:10.556,1.3573899999999999,1.35744
EUR/USD,20140109 02:39:30.743,1.35741,1.35745
EUR/USD,20140109 02:44:32.306,1.3574,1.35745
EUR/USD,20140109 02:49:36.284,1.35762,1.35766
EUR/USD,20140109 02:54:36.413,1.3577299999999999,1.3577700000000001
EUR/USD,20140109 02:59:36.812,1.3577,1.35774
EUR/USD,20140109 03:05:16.291,1.3578299999999999,1.3578700000000001
EUR/USD,20140109 03:10:24.255,1.35791,1.3579700000000001
EUR/USD,20140109 03:15:47.193,1.3581299999999998,1.35817
EUR/USD,20140109 03:20:49.608,1.35822,1.35827
EUR/USD,20140109 03:26:10.152,1.3583100000000001,1.35837
EUR/USD,20140109 03:31:16.006,1.3582,1.3582299999999998
EUR/USD,20140109 03:36:17.313,1.3578,1.35785
EUR/USD,20140109 03:41:17.644,1.35801,1.35806
EUR/USD,20140109 03:46:18.550,1.35799,1.35804
EUR/USD,20140109 03:51:18.838,1.35776,1.3578
EUR/USD,20140109 03:56:23.692,1.3577700000000001,1.3578
EUR/USD,20140109 04:01:26.499,1.35786,1.35791
EUR/USD,20140109 04:06:36.896,1.35789,1.35792
EUR/USD,20140109 04:11:49.404,1.35779,1.35784
EUR/USD,20140109 04:17:00.106,1.3577299999999999,1.35776
EUR/USD,20140109 04:22:03.011,1.35769,1.3577299999999999
EUR/USD,20140109 04:27:13.315,1.35766,1.3577
EUR/USD,20140109 04:32:13.692,1.35762,1.35766
EUR/USD,20140109 04:37:14.518,1.3576,1.35765
EUR/USD,20140109 04:42:41.356,1.35769,1.35772
EUR/USD,20140109 04:47:59.309,1.3577700000000001,1.35779
EUR/USD,20140109 04:53:14.706,1.3578,1.35785
EUR/USD,20140109 04:58:20.010,1.3579,1.35795
EUR/USD,20140109 05:03:49.146,1.3578,1.35784
EUR/USD,20140109 05:09:02.762,1.3577299999999999,1.3577700000000001
EUR/USD,20140109 05:14:03.726,1.358,1.3580299999999998
EUR/USD,20140109 05:19:05.105,1.35824,1.35828
EUR/USD,20140109 05:24:07.186,1.3583399999999999,1.35838
EUR/USD,20140109 05:29:26.308,1.35829,1.35835
EUR/USD,20140109 05:34:32.665,1.35849,1.35855
EUR/USD,20140109 05:39:47.411,1.35839,1.35845
EUR/USD,20140109 05:44:51.513,1.35839,1.3584399999999999
EUR/USD,20140109 05:49:55.781,1.35875,1.3588
EUR/USD,20140109 05:54:57.193,1.3588,1.35885
EUR/USD,20140109 06:00:00.093,1.3587799999999999,1.35885
EUR/USD,20140109 06:05:04.711,1.35933,1.35935
EUR/USD,20140109 06:10:05.018,1.3590200000000001,1.35907
EUR/USD,20140109 06:15:05.614,1.35904,1.35909
EUR/USD,20140109 06:20:12.113,1.35923,1.3592899999999999
EUR/USD,20140109 06:25:15.393,1.35904,1.35909
EUR/USD,20140109 06:30:22.208,1.3589200000000001,1.35896
EUR/USD,20140109 06:35:23.406,1.3589,1.35895
EUR/USD,20140109 06:40:31.406,1.35885,1.3588799999999999
EUR/USD,20140109 06:45:34.986,1.3588200000000001,1.35885
EUR/USD,20140109 06:51:03.277,1.35906,1.35906
EUR/USD,20140109 06:56:04.248,1.35924,1.35927
EUR/USD,20140109 07:01:12.805,1.35932,1.35937
EUR/USD,20140109 07:06:17.309,1.3594899999999999,1.35951
EUR/USD,20140109 07:11:17.452,1.35948,1.35951
EUR/USD,20140109 07:16:19.157,1.35976,1.35979
EUR/USD,20140109 07:21:20.206,1.3594,1.35943
EUR/USD,20140109 07:26:22.834,1.35944,1.3594700000000002
EUR/USD,20140109 07:31:23.310,1.35954,1.35956
EUR/USD,20140109 07:36:24.608,1.3594700000000002,1.3594899999999999
EUR/USD,20140109 07:41:27.497,1.35932,1.3593600000000001
EUR/USD,20140109 07:46:35.514,1.35942,1.3594600000000001
EUR/USD,20140109 07:51:37.022,1.3595899999999999,1.35962
EUR/USD,20140109 07:56:38.208,1.35991,1.3599299999999999
EUR/USD,20140109 08:01:39.575,1.36012,1.36015
EUR/USD,20140109 08:06:42.068,1.35989,1.35992
EUR/USD,20140109 08:11:42.509,1.35984,1.3598700000000001
EUR/USD,20140109 08:16:48.756,1.3596,1.35964
EUR/USD,20140109 08:21:51.708,1.35955,1.35956
EUR/USD,20140109 08:26:51.939,1.36005,1.36008
EUR/USD,20140109 08:31:52.611,1.3603100000000001,1.36032
EUR/USD,20140109 08:36:53.142,1.36066,1.36069
EUR/USD,20140109 08:41:53.847,1.36104,1.36106
EUR/USD,20140109 08:46:55.173,1.36106,1.3611
EUR/USD,20140109 08:51:55.213,1.36079,1.3608
EUR/USD,20140109 08:56:56.219,1.3607200000000002,1.36075
EUR/USD,20140109 09:02:00.086,1.36103,1.36107
EUR/USD,20140109 09:07:00.091,1.36141,1.36145
EUR/USD,20140109 09:12:00.136,1.3616700000000002,1.36171
EUR/USD,20140109 09:17:00.484,1.36212,1.36215
EUR/USD,20140109 09:22:00.719,1.36172,1.36174
EUR/USD,20140109 09:27:01.381,1.36131,1.36132
EUR/USD,20140109 09:32:01.750,1.3612,1.36122
EUR/USD,20140109 09:37:02.213,1.36076,1.3608
EUR/USD,20140109 09:42:02.640,1.36089,1.36093
EUR/USD,20140109 09:47:03.050,1.36085,1.36086
EUR/USD,20140109 09:52:05.111,1.3607200000000002,1.36076
EUR/USD,20140109 09:57:05.242,1.3609200000000001,1.36093
EUR/USD,20140109 10:02:13.537,1.36109,1.36112
EUR/USD,20140109 10:07:22.407,1.36121,1.36123
EUR/USD,20140109 10:12:23.739,1.3613600000000001,1.3613899999999999
EUR/USD,20140109 10:17:27.205,1.3611799999999998,1.3612
EUR/USD,20140109 10:22:28.171,1.36056,1.36058
EUR/USD,20140109 10:27:28.308,1.361,1.3610200000000001
EUR/USD,20140109 10:32:28.373,1.36123,1.3612600000000001
EUR/USD,20140109 10:37:36.192,1.36095,1.36097
EUR/USD,20140109 10:42:39.108,1.36081,1.3608200000000001
EUR/USD,20140109 10:47:39.712,1.36056,1.36059
EUR/USD,20140109 10:52:43.329,1.36122,1.36125
EUR/USD,20140109 10:57:55.180,1.3613,1.36133
EUR/USD,20140109 11:03:00.602,1.36101,1.36105
EUR/USD,20140109 11:08:01.168,1.36129,1.36133
EUR/USD,20140109 11:13:04.415,1.36107,1.3611
EUR/USD,20140109 11:18:07.958,1.3607799999999999,1.3608200000000001
EUR/USD,20140109 11:23:09.431,1.36075,1.36079
EUR/USD,20140109 11:28:10.271,1.36026,1.36028
EUR/USD,20140109 11:33:11.506,1.36029,1.3603299999999998
EUR/USD,20140109 11:38:15.222,1.36048,1.3605200000000002
EUR/USD,20140109 11:43:18.212,1.36058,1.36061
EUR/USD,20140109 11:48:18.607,1.36057,1.3606
EUR/USD,20140109 11:53:18.608,1.3603,1.3603399999999999
EUR/USD,20140109 11:58:24.216,1.36001,1.3600299999999999
EUR/USD,20140109 12:03:24.454,1.3598,1.35984
EUR/USD,20140109 12:08:29.792,1.3599299999999999,1.3599700000000001
EUR/USD,20140109 12:13:36.133,1.35996,1.36
EUR/USD,20140109 12:18:36.660,1.3602299999999998,1.36028
EUR/USD,20140109 12:23:37.908,1.36051,1.36055
EUR/USD,20140109 12:28:43.126,1.36074,1.36077
EUR/USD,20140109 12:33:46.838,1.3608799999999999,1.3609
EUR/USD,20140109 12:38:48.807,1.36065,1.36068
EUR/USD,20140109 12:43:49.418,1.36018,1.3602100000000001
EUR/USD,20140109 12:48:53.207,1.3609,1.36095
EUR/USD,20140109 12:53:54.209,1.36135,1.36137
EUR/USD,20140109 12:58:54.802,1.36111,1.36114
EUR/USD,20140109 13:03:57.245,1.36099,1.36103
EUR/USD,20140109 13:09:01.392,1.36093,1.36095
EUR/USD,20140109 13:14:03.262,1.3608,1.36085
EUR/USD,20140109 13:19:03.929,1.361,1.36101
EUR/USD,20140109 13:24:04.326,1.36279,1.36281
EUR/USD,20140109 13:29:05.812,1.36269,1.36273
EUR/USD,20140109 13:34:05.885,1.36114,1.3611799999999998
EUR/USD,20140109 13:39:05.909,1.35922,1.35925
EUR/USD,20140109 13:44:05.909,1.3584100000000001,1.35845
EUR/USD,20140109 13:49:05.913,1.3564100000000001,1.3564100000000001
EUR/USD,20140109 13:54:06.206,1.3559,1.3559299999999999
EUR/USD,20140109 13:59:06.208,1.35647,1.35649
EUR/USD,20140109 14:04:06.513,1.35628,1.35632
EUR/USD,20140109 14:09:08.009,1.3561299999999998,1.35615
EUR/USD,20140109 14:14:08.040,1.3558,1.35585
EUR/USD,20140109 14:19:08.159,1.35714,1.35717
EUR/USD,20140109 14:24:08.537,1.3569799999999999,1.35703
EUR/USD,20140109 14:29:09.697,1.35704,1.35705
EUR/USD,20140109 14:34:12.905,1.35713,1.35717
EUR/USD,20140109 14:39:13.081,1.35755,1.3575700000000002
EUR/USD,20140109 14:44:14.498,1.35759,1.35763
EUR/USD,20140109 14:49:16.820,1.35808,1.35811
EUR/USD,20140109 14:54:19.406,1.3571799999999998,1.35722
EUR/USD,20140109 14:59:19.802,1.357,1.35703
EUR/USD,20140109 15:04:20.191,1.35723,1.3572600000000001
EUR/USD,20140109 15:09:24.808,1.3578,1.35785
EUR/USD,20140109 15:14:24.898,1.3585200000000002,1.3585399999999999
EUR/USD,20140109 15:19:25.709,1.35811,1.35815
EUR/USD,20140109 15:24:25.813,1.35891,1.35895
EUR/USD,20140109 15:29:26.249,1.35877,1.35879
EUR/USD,20140109 15:34:28.834,1.35935,1.3594
EUR/USD,20140109 15:39:29.229,1.35934,1.35938
EUR/USD,20140109 15:44:32.922,1.3589799999999999,1.35903
EUR/USD,20140109 15:49:32.961,1.35845,1.35848
EUR/USD,20140109 15:54:37.142,1.35806,1.35809
EUR/USD,20140109 15:59:37.213,1.35824,1.35825
EUR/USD,20140109 16:04:37.391,1.3584,1.3584200000000002
EUR/USD,20140109 16:09:38.925,1.35879,1.35883
EUR/USD,20140109 16:14:39.142,1.35886,1.35887
EUR/USD,20140109 16:19:41.029,1.35877,1.35881
EUR/USD,20140109 16:24:43.444,1.35893,1.35896
EUR/USD,20140109 16:29:46.412,1.35913,1.3591600000000001
EUR/USD,20140109 16:34:47.003,1.3588,1.35883
EUR/USD,20140109 16:39:47.051,1.35927,1.3592799999999998
EUR/USD,20140109 16:44:56.115,1.35922,1.3592600000000001
EUR/USD,20140109 16:50:06.129,1.35913,1.35917
EUR/USD,20140109 16:55:15.910,1.35906,1.35909
EUR/USD,20140109 17:00:16.879,1.35909,1.35913
EUR/USD,20140109 17:05:17.109,1.3590200000000001,1.35904
EUR/USD,20140109 17:10:17.326,1.35921,1.35923
EUR/USD,20140109 17:15:18.041,1.3594899999999999,1.35951
EUR/USD,20140109 17:20:19.304,1.35914,1.35919
EUR/USD,20140109 17:25:19.849,1.35917,1.35921
EUR/USD,20140109 17:30:21.544,1.3588,1.3588200000000001
EUR/USD,20140109 17:35:31.753,1.35894,1.35897
EUR/USD,20140109 17:40:38.706,1.35859,1.3586200000000002
EUR/USD,20140109 17:45:40.037,1.3584399999999999,1.35847
EUR/USD,20140109 17:50:40.442,1.35866,1.3587
EUR/USD,20140109 17:55:40.604,1.3585200000000002,1.35855
EUR/USD,20140109 18:00:45.106,1.3584100000000001,1.35845
EUR/USD,20140109 18:05:46.090,1.35858,1.35858
EUR/USD,20140109 18:10:47.133,1.35874,1.35875
EUR/USD,20140109 18:15:51.111,1.3587,1.35871
EUR/USD,20140109 18:20:53.005,1.35851,1.35856
EUR/USD,20140109 18:25:56.104,1.35851,1.3585399999999999
EUR/USD,20140109 18:30:57.711,1.35863,1.3586799999999999
EUR/USD,20140109 18:35:59.710,1.35859,1.35861
EUR/USD,20140109 18:41:00.505,1.35864,1.35867
EUR/USD,20140109 18:46:15.089,1.35864,1.3586799999999999
EUR/USD,20140109 18:51:19.106,1.3585399999999999,1.35858
EUR/USD,20140109 18:56:25.708,1.35861,1.35864
EUR/USD,20140109 19:01:25.905,1.35865,1.35866
EUR/USD,20140109 19:06:26.265,1.35896,1.359
EUR/USD,20140109 19:11:51.646,1.35903,1.35907
EUR/USD,20140109 19:16:51.750,1.3589,1.3589200000000001
EUR/USD,20140109 19:21:52.811,1.35861,1.35864
EUR/USD,20140109 19:26:53.109,1.3587200000000001,1.35875
EUR/USD,20140109 19:31:54.305,1.35871,1.35875
EUR/USD,20140109 19:37:09.411,1.3585399999999999,1.35856
EUR/USD,20140109 19:42:32.668,1.3585399999999999,1.35855
EUR/USD,20140109 19:47:44.556,1.35874,1.35875
EUR/USD,20140109 19:52:46.031,1.35891,1.35894
EUR/USD,20140109 19:57:49.596,1.35903,1.35907
EUR/USD,20140109 20:02:50.794,1.3588799999999999,1.3589
EUR/USD,20140109 20:07:52.607,1.35889,1.35893
EUR/USD,20140109 20:13:02.205,1.35913,1.3591600000000001
EUR/USD,20140109 20:18:05.245,1.35933,1.35934
EUR/USD,20140109 20:23:06.007,1.36042,1.36043
EUR/USD,20140109 20:28:13.100,1.3604,1.3604100000000001
EUR/USD,20140109 20:33:15.138,1.36045,1.36047
EUR/USD,20140109 20:38:19.553,1.3605,1.36051
EUR/USD,20140109 20:43:24.913,1.36049,1.3605
EUR/USD,20140109 20:48:28.879,1.36066,1.36068
EUR/USD,20140109 20:53:29.106,1.36064,1.36067
EUR/USD,20140109 20:58:33.706,1.36043,1.36043
EUR/USD,20140109 21:03:34.106,1.36068,1.3607
EUR/USD,20140109 21:09:07.123,1.3605,1.36051
EUR/USD,20140109 21:14:08.548,1.36036,1.36039
EUR/USD,20140109 21:19:10.805,1.36042,1.36043
EUR/USD,20140109 21:24:23.948,1.36046,1.36048
EUR/USD,20140109 21:29:41.262,1.36047,1.3605
EUR/USD,20140109 21:34:44.407,1.3605200000000002,1.3605399999999999
EUR/USD,20140109 21:39:53.576,1.36093,1.3609799999999999
EUR/USD,20140109 21:44:53.606,1.36105,1.36106
EUR/USD,20140109 21:49:53.740,1.36071,1.3607200000000002
EUR/USD,20140109 21:54:56.204,1.36048,1.36056
EUR/USD,20140109 22:03:03.309,1.36075,1.36086
EUR/USD,20140109 22:08:05.208,1.36058,1.36065
EUR/USD,20140109 22:13:09.397,1.36056,1.36064
EUR/USD,20140109 22:18:09.406,1.3603100000000001,1.36042
EUR/USD,20140109 22:23:19.008,1.36048,1.3605399999999999
EUR/USD,20140109 22:28:19.305,1.36048,1.3605399999999999
EUR/USD,20140109 22:33:21.543,1.3605200000000002,1.36061
EUR/USD,20140109 22:38:46.408,1.36045,1.36058
EUR/USD,20140109 22:43:48.704,1.36032,1.36038
EUR/USD,20140109 22:49:02.497,1.36027,1.3603
EUR/USD,20140109 22:54:03.541,1.36014,1.3602
EUR/USD,20140109 22:59:10.292,1.36019,1.3602299999999998
EUR/USD,20140109 23:04:10.410,1.3603,1.36037
EUR/USD,20140109 23:09:12.196,1.3602,1.36032
EUR/USD,20140109 23:14:31.613,1.36027,1.36035
EUR/USD,20140109 23:20:00.657,1.3602299999999998,1.3603100000000001
EUR/USD,20140109 23:25:27.194,1.36028,1.3603399999999999
EUR/USD,20140109 23:30:38.992,1.36038,1.36047
EUR/USD,20140109 23:36:00.149,1.36045,1.3605200000000002
EUR/USD,20140109 23:41:00.612,1.36051,1.36056
EUR/USD,20140109 23:46:09.940,1.3608,1.36086
EUR/USD,20140109 23:51:10.306,1.36085,1.3609200000000001
EUR/USD,20140109 23:56:16.736,1.36057,1.36064
EUR/USD,20140110 00:01:57.185,1.36055,1.36061
EUR/USD,20140110 00:06:57.410,1.3604399999999999,1.36051
EUR/USD,20140110 00:12:06.512,1.3603399999999999,1.3604
EUR/USD,20140110 00:17:06.824,1.36048,1.36055
EUR/USD,20140110 00:22:13.311,1.36032,1.36037
EUR/USD,20140110 00:27:27.132,1.3605200000000002,1.36058
EUR/USD,20140110 00:32:33.706,1.3607,1.36075
EUR/USD,20140110 00:37:35.244,1.36084,1.3609
EUR/USD,20140110 00:42:38.910,1.36079,1.36084
EUR/USD,20140110 00:47:40.114,1.36073,1.3607799999999999
EUR/USD,20140110 00:52:40.169,1.3607,1.36076
EUR/USD,20140110 00:57:40.656,1.36059,1.36063
EUR/USD,20140110 01:02:47.014,1.36067,1.36071
EUR/USD,20140110 01:07:58.510,1.36057,1.3606200000000002
EUR/USD,20140110 01:13:01.504,1.3607,1.36075
EUR/USD,20140110 01:18:07.781,1.36064,1.36067
EUR/USD,20140110 01:23:08.129,1.36079,1.36081
EUR/USD,20140110 01:28:20.670,1.36079,1.3608200000000001
EUR/USD,20140110 01:33:47.005,1.3607200000000002,1.36076
EUR/USD,20140110 01:39:00.566,1.36059,1.36065
EUR/USD,20140110 01:44:08.580,1.36086,1.36089
EUR/USD,20140110 01:49:11.311,1.36124,1.3612799999999998
EUR/USD,20140110 01:54:12.909,1.36101,1.36106
EUR/USD,20140110 01:59:24.588,1.36093,1.36095
EUR/USD,20140110 02:04:27.131,1.3607,1.36073
EUR/USD,20140110 02:09:29.208,1.3608,1.36084
EUR/USD,20140110 02:14:33.210,1.3606200000000002,1.36066
EUR/USD,20140110 02:19:51.710,1.36056,1.36061
EUR/USD,20140110 02:24:59.910,1.36043,1.36045
EUR/USD,20140110 02:30:15.987,1.3605200000000002,1.36055
EUR/USD,20140110 02:35:29.282,1.36063,1.36067
EUR/USD,20140110 02:40:36.759,1.3609,1.36094
EUR/USD,20140110 02:46:20.596,1.3608200000000001,1.36086
EUR/USD,20140110 02:51:24.007,1.3609200000000001,1.36097
EUR/USD,20140110 02:56:29.706,1.36105,1.36107
EUR/USD,20140110 03:01:39.488,1.36103,1.36107
EUR/USD,20140110 03:06:41.624,1.36121,1.3612600000000001
EUR/USD,20140110 03:11:41.903,1.36125,1.3613
EUR/USD,20140110 03:16:46.948,1.36121,1.3612600000000001
EUR/USD,20140110 03:22:33.841,1.36119,1.36124
EUR/USD,20140110 03:27:35.712,1.36123,1.3612799999999998
EUR/USD,20140110 03:32:49.237,1.36122,1.3612600000000001
EUR/USD,20140110 03:37:55.170,1.36116,1.36119
EUR/USD,20140110 03:43:05.111,1.36112,1.36112
EUR/USD,20140110 03:48:07.559,1.36089,1.36094
EUR/USD,20140110 03:53:14.495,1.36111,1.36115
EUR/USD,20140110 03:58:42.193,1.36112,1.36117
EUR/USD,20140110 04:03:45.078,1.36119,1.36122
EUR/USD,20140110 04:08:49.910,1.36117,1.36119
EUR/USD,20140110 04:14:00.916,1.36103,1.36105
EUR/USD,20140110 04:19:01.407,1.36109,1.36113
EUR/USD,20140110 04:24:04.406,1.36087,1.3609200000000001
EUR/USD,20140110 04:29:06.848,1.36081,1.36083
EUR/USD,20140110 04:34:26.809,1.36089,1.36093
EUR/USD,20140110 04:39:35.332,1.36099,1.36103
EUR/USD,20140110 04:44:45.526,1.36103,1.36105
EUR/USD,20140110 04:49:46.011,1.36152,1.36156
EUR/USD,20140110 04:54:46.440,1.3613600000000001,1.36138
EUR/USD,20140110 04:59:47.407,1.3612799999999998,1.36131
EUR/USD,20140110 05:04:47.522,1.36122,1.3612600000000001
EUR/USD,20140110 05:09:49.191,1.36121,1.36124
EUR/USD,20140110 05:14:52.543,1.3611,1.36112
EUR/USD,20140110 05:20:05.111,1.36103,1.3610799999999998
EUR/USD,20140110 05:25:08.306,1.36101,1.36107
EUR/USD,20140110 05:30:10.414,1.3611,1.36115
EUR/USD,20140110 05:35:13.106,1.3611,1.36115
EUR/USD,20140110 05:40:14.641,1.36119,1.36122
EUR/USD,20140110 05:45:20.144,1.36121,1.36125
EUR/USD,20140110 05:51:17.137,1.3612,1.36125
EUR/USD,20140110 05:56:42.009,1.36134,1.36138
EUR/USD,20140110 06:01:42.365,1.36166,1.3617
EUR/USD,20140110 06:06:44.480,1.36168,1.3617
EUR/USD,20140110 06:11:54.711,1.36166,1.3616700000000002
EUR/USD,20140110 06:18:03.905,1.36163,1.3616700000000002
EUR/USD,20140110 06:23:20.811,1.36174,1.36178
EUR/USD,20140110 06:28:23.306,1.36195,1.36199
EUR/USD,20140110 06:33:24.514,1.36171,1.3617299999999999
EUR/USD,20140110 06:38:24.521,1.3614899999999999,1.36153
EUR/USD,20140110 06:43:31.394,1.36125,1.36129
EUR/USD,20140110 06:48:37.908,1.3612,1.36125
EUR/USD,20140110 06:53:39.816,1.36112,1.3611799999999998
EUR/USD,20140110 06:58:47.193,1.3610200000000001,1.36106
EUR/USD,20140110 07:03:48.711,1.36132,1.36137
EUR/USD,20140110 07:08:59.006,1.3614899999999999,1.36153
EUR/USD,20140110 07:14:34.110,1.3612600000000001,1.36129
EUR/USD,20140110 07:19:35.128,1.36142,1.36144
EUR/USD,20140110 07:24:35.771,1.36122,1.36125
EUR/USD,20140110 07:29:39.784,1.3609799999999999,1.3610200000000001
EUR/USD,20140110 07:34:58.256,1.3609200000000001,1.36095
EUR/USD,20140110 07:40:01.471,1.3605399999999999,1.36058
EUR/USD,20140110 07:45:01.506,1.36107,1.36112
EUR/USD,20140110 07:50:01.805,1.36071,1.36075
EUR/USD,20140110 07:55:06.009,1.3607200000000002,1.36077
EUR/USD,20140110 08:00:08.009,1.36123,1.36127
EUR/USD,20140110 08:05:11.039,1.36073,1.36077
EUR/USD,20140110 08:10:13.167,1.36056,1.36058
EUR/USD,20140110 08:15:13.547,1.3610200000000001,1.3610200000000001
EUR/USD,20140110 08:20:15.606,1.36109,1.36114
EUR/USD,20140110 08:25:20.115,1.3609200000000001,1.36096
EUR/USD,20140110 08:30:21.411,1.36111,1.36113
EUR/USD,20140110 08:35:24.805,1.3609200000000001,1.36096
EUR/USD,20140110 08:40:26.244,1.36079,1.3608200000000001
EUR/USD,20140110 08:45:33.713,1.3607,1.36073
EUR/USD,20140110 08:50:34.765,1.36101,1.36104
EUR/USD,20140110 08:55:35.710,1.36009,1.36012
EUR/USD,20140110 09:00:35.824,1.36038,1.3604100000000001
EUR/USD,20140110 09:05:35.824,1.36029,1.36032
EUR/USD,20140110 09:10:35.959,1.36028,1.3603299999999998
EUR/USD,20140110 09:15:36.709,1.36037,1.3604
EUR/USD,20140110 09:20:40.125,1.36045,1.36046
EUR/USD,20140110 09:25:54.803,1.36028,1.3603
EUR/USD,20140110 09:30:55.210,1.36049,1.3605399999999999
EUR/USD,20140110 09:35:55.287,1.36018,1.36022
EUR/USD,20140110 09:41:02.709,1.3604,1.36042
EUR/USD,20140110 09:46:05.313,1.36026,1.3603
EUR/USD,20140110 09:51:10.112,1.3597,1.35974
EUR/USD,20140110 09:56:10.791,1.3598299999999999,1.35984
EUR/USD,20140110 10:01:11.710,1.3599,1.3599299999999999
EUR/USD,20140110 10:06:15.458,1.3598700000000001,1.35992
EUR/USD,20140110 10:11:18.908,1.3599299999999999,1.35995
EUR/USD,20140110 10:16:22.045,1.3590799999999998,1.3591
EUR/USD,20140110 10:21:25.735,1.35935,1.3593899999999999
EUR/USD,20140110 10:26:35.067,1.35919,1.35922
EUR/USD,20140110 10:31:43.632,1.35921,1.35924
EUR/USD,20140110 10:36:49.520,1.35938,1.35941
EUR/USD,20140110 10:41:50.046,1.3593899999999999,1.35943
EUR/USD,20140110 10:46:51.134,1.3593,1.35933
EUR/USD,20140110 10:51:52.224,1.3594,1.35943
EUR/USD,20140110 10:56:58.244,1.35933,1.35934
EUR/USD,20140110 11:01:58.405,1.35914,1.3591799999999998
EUR/USD,20140110 11:06:58.528,1.3591600000000001,1.3592
EUR/USD,20140110 11:11:58.551,1.3592899999999999,1.3593
EUR/USD,20140110 11:16:59.989,1.35965,1.35968
EUR/USD,20140110 11:22:01.213,1.35962,1.35965
EUR/USD,20140110 11:27:02.974,1.35958,1.35962
EUR/USD,20140110 11:32:06.452,1.36001,1.36004
EUR/USD,20140110 11:37:08.587,1.35975,1.35978
EUR/USD,20140110 11:42:12.193,1.35972,1.35975
EUR/USD,20140110 11:47:13.639,1.35954,1.35956
EUR/USD,20140110 11:52:14.706,1.35962,1.35964
EUR/USD,20140110 11:57:16.110,1.35969,1.3597299999999999
EUR/USD,20140110 12:02:16.459,1.35954,1.3595700000000002
EUR/USD,20140110 12:07:17.212,1.35952,1.35955
EUR/USD,20140110 12:12:18.133,1.3592600000000001,1.3592600000000001
EUR/USD,20140110 12:17:21.340,1.35903,1.35907
EUR/USD,20140110 12:22:21.499,1.35901,1.35903
EUR/USD,20140110 12:27:21.628,1.3594,1.35941
EUR/USD,20140110 12:32:23.305,1.3594700000000002,1.3594899999999999
EUR/USD,20140110 12:37:24.545,1.3595899999999999,1.35962
EUR/USD,20140110 12:42:25.089,1.3591799999999998,1.35921
EUR/USD,20140110 12:47:26.045,1.3593600000000001,1.35938
EUR/USD,20140110 12:52:27.416,1.35915,1.3591600000000001
EUR/USD,20140110 12:57:28.193,1.35925,1.3592899999999999
EUR/USD,20140110 13:02:31.444,1.35896,1.35899
EUR/USD,20140110 13:07:31.809,1.3588,1.35881
EUR/USD,20140110 13:12:35.840,1.35871,1.3587200000000001
EUR/USD,20140110 13:17:38.806,1.3584399999999999,1.35845
EUR/USD,20140110 13:22:38.912,1.35871,1.35874
EUR/USD,20140110 13:27:40.726,1.35858,1.35861
EUR/USD,20140110 13:32:40.868,1.36425,1.36429
EUR/USD,20140110 13:37:40.900,1.36481,1.36485
EUR/USD,20140110 13:42:40.923,1.36338,1.3634
EUR/USD,20140110 13:47:41.255,1.36355,1.3635899999999999
EUR/USD,20140110 13:52:41.323,1.3643399999999999,1.36436
EUR/USD,20140110 13:57:41.413,1.36432,1.36436
EUR/USD,20140110 14:02:42.164,1.36391,1.36396
EUR/USD,20140110 14:07:44.537,1.36361,1.36364
EUR/USD,20140110 14:12:44.621,1.36342,1.3634700000000002
EUR/USD,20140110 14:17:44.813,1.36422,1.3642299999999998
EUR/USD,20140110 14:22:45.311,1.3642299999999998,1.36428
EUR/USD,20140110 14:27:49.025,1.3635899999999999,1.36362
EUR/USD,20140110 14:32:50.106,1.36372,1.36375
EUR/USD,20140110 14:37:50.695,1.36449,1.36453
EUR/USD,20140110 14:42:51.003,1.36514,1.3651799999999998
EUR/USD,20140110 14:47:51.533,1.36506,1.3651
EUR/USD,20140110 14:52:52.636,1.36686,1.3669
EUR/USD,20140110 14:57:52.689,1.3676,1.36761
EUR/USD,20140110 15:02:52.886,1.3676700000000002,1.3677
EUR/USD,20140110 15:07:53.014,1.36839,1.36842
EUR/USD,20140110 15:12:53.633,1.36786,1.36788
EUR/USD,20140110 15:17:54.550,1.36748,1.3675
EUR/USD,20140110 15:22:54.716,1.36721,1.36725
EUR/USD,20140110 15:27:55.608,1.3679,1.36794
EUR/USD,20140110 15:32:55.718,1.3675899999999999,1.36762
EUR/USD,20140110 15:37:56.036,1.3674899999999999,1.36753
EUR/USD,20140110 15:42:56.246,1.3673600000000001,1.36741
EUR/USD,20140110 15:47:56.319,1.3678,1.36784
EUR/USD,20140110 15:53:04.278,1.36812,1.36816
EUR/USD,20140110 15:58:04.445,1.3672799999999998,1.36731
EUR/USD,20140110 16:03:07.308,1.36752,1.36752
EUR/USD,20140110 16:08:07.404,1.36717,1.3671799999999998
EUR/USD,20140110 16:13:08.889,1.36697,1.36701
EUR/USD,20140110 16:18:09.110,1.36709,1.3671
EUR/USD,20140110 16:23:11.539,1.36669,1.36673
EUR/USD,20140110 16:28:13.356,1.36659,1.36663
EUR/USD,20140110 16:33:15.810,1.36668,1.36671
EUR/USD,20140110 16:38:15.817,1.3663,1.3663399999999999
EUR/USD,20140110 16:43:15.926,1.3665100000000001,1.36657
EUR/USD,20140110 16:48:16.311,1.36642,1.36646
EUR/USD,20140110 16:53:21.885,1.36611,1.3661299999999998
EUR/USD,20140110 16:58:22.806,1.3663,1.3663100000000001
EUR/USD,20140110 17:03:23.608,1.3663,1.3663399999999999
EUR/USD,20140110 17:08:25.905,1.36647,1.36648
EUR/USD,20140110 17:13:29.069,1.36622,1.36624
EUR/USD,20140110 17:18:29.411,1.36581,1.36584
EUR/USD,20140110 17:23:32.337,1.3660299999999999,1.36606
EUR/USD,20140110 17:28:32.584,1.36606,1.36609
EUR/USD,20140110 17:33:44.970,1.36605,1.36609
EUR/USD,20140110 17:38:46.882,1.36578,1.36578
EUR/USD,20140110 17:43:49.003,1.36616,1.36619
EUR/USD,20140110 17:48:51.893,1.36639,1.3664100000000001
EUR/USD,20140110 17:53:55.128,1.36639,1.3664399999999999
EUR/USD,20140110 17:58:55.592,1.36625,1.3663
EUR/USD,20140110 18:04:02.066,1.3666200000000002,1.36663
EUR/USD,20140110 18:09:17.386,1.36691,1.36696
EUR/USD,20140110 18:14:17.723,1.3671799999999998,1.36723
EUR/USD,20140110 18:19:33.006,1.3668200000000001,1.36684
EUR/USD,20140110 18:24:36.078,1.3669200000000001,1.36694
EUR/USD,20140110 18:29:46.504,1.36647,1.36653
EUR/USD,20140110 18:34:48.440,1.3665,1.36655
EUR/USD,20140110 18:39:54.349,1.3666200000000002,1.36666
EUR/USD,20140110 18:44:57.394,1.3668,1.36686
EUR/USD,20140110 18:49:58.466,1.36677,1.36681
EUR/USD,20140110 18:55:13.782,1.36663,1.36666
EUR/USD,20140110 19:00:19.408,1.3669,1.36695
EUR/USD,20140110 19:05:22.417,1.36709,1.36711
EUR/USD,20140110 19:10:22.947,1.3669200000000001,1.36696
EUR/USD,20140110 19:15:24.406,1.36711,1.36716
EUR/USD,20140110 19:20:29.151,1.36722,1.3672600000000001
EUR/USD,20140110 19:25:38.505,1.36706,1.3671
EUR/USD,20140110 19:30:42.009,1.36715,1.3672
EUR/USD,20140110 19:35:53.019,1.3670799999999999,1.36713
EUR/USD,20140110 19:40:54.276,1.3669200000000001,1.36695
EUR/USD,20140110 19:45:56.902,1.3667799999999999,1.36684
EUR/USD,20140110 19:50:57.105,1.3668,1.36686
EUR/USD,20140110 19:55:57.615,1.3663,1.36636
EUR/USD,20140110 20:01:03.875,1.36606,1.36611
EUR/USD,20140110 20:06:04.102,1.3660299999999999,1.3660700000000001
EUR/USD,20140110 20:11:05.332,1.36602,1.36606
EUR/USD,20140110 20:16:05.375,1.3664399999999999,1.36648
EUR/USD,20140110 20:21:10.078,1.36667,1.36671
EUR/USD,20140110 20:26:10.836,1.36627,1.3663100000000001
EUR/USD,20140110 20:31:35.554,1.36647,1.36649
EUR/USD,20140110 20:36:37.601,1.3663,1.3663299999999998
EUR/USD,20140110 20:41:37.713,1.36647,1.3665200000000002
EUR/USD,20140110 20:46:47.106,1.36629,1.3663299999999998
EUR/USD,20140110 20:51:50.107,1.3662299999999998,1.36627
EUR/USD,20140110 20:57:02.544,1.36636,1.36638
EUR/USD,20140110 21:02:14.306,1.36649,1.3665399999999999
EUR/USD,20140110 21:07:18.487,1.36659,1.36661
EUR/USD,20140110 21:12:27.891,1.3665200000000002,1.3665200000000002
EUR/USD,20140110 21:18:07.290,1.3665,1.3665399999999999
EUR/USD,20140110 21:23:07.308,1.36656,1.36656
EUR/USD,20140110 21:28:26.166,1.36628,1.3663100000000001
EUR/USD,20140110 21:34:16.102,1.36646,1.3665100000000001
EUR/USD,20140110 21:39:18.949,1.36657,1.3666200000000002
EUR/USD,20140110 21:44:22.519,1.3667200000000002,1.3668200000000001
EUR/USD,20140110 21:49:28.513,1.36683,1.36689
EUR/USD,20140110 21:54:28.944,1.3664,1.36647
EUR/USD,20140110 21:59:29.404,1.36689,1.3670200000000001
EUR/USD,20140113 00:00:00.059,1.36719,1.36725
EUR/USD,20140113 00:05:00.717,1.3666399999999999,1.36671
EUR/USD,20140113 00:10:02.849,1.3665200000000002,1.36658
EUR/USD,20140113 00:15:07.106,1.36655,1.3666200000000002
EUR/USD,20140113 00:20:11.805,1.36655,1.3666200000000002
EUR/USD,20140113 00:25:26.198,1.3665399999999999,1.36661
EUR/USD,20140113 00:30:33.112,1.36656,1.3666200000000002
EUR/USD,20140113 00:35:35.871,1.3663399999999999,1.3664100000000001
EUR/USD,20140113 00:40:37.806,1.36656,1.36663
EUR/USD,20140113 00:45:41.353,1.36657,1.36663
EUR/USD,20140113 00:50:47.379,1.3663299999999998,1.36639
EUR/USD,20140113 00:55:48.458,1.36628,1.3663399999999999
EUR/USD,20140113 01:01:04.306,1.36639,1.3664399999999999
EUR/USD,20140113 01:06:06.080,1.36632,1.36638
EUR/USD,20140113 01:11:14.311,1.36669,1.36675
EUR/USD,20140113 01:16:18.006,1.36668,1.36674
EUR/USD,20140113 01:21:18.109,1.36706,1.36714
EUR/USD,20140113 01:26:25.073,1.36685,1.36694
EUR/USD,20140113 01:31:29.606,1.36687,1.36695
EUR/USD,20140113 01:36:30.212,1.36719,1.3672600000000001
EUR/USD,20140113 01:41:31.710,1.36689,1.36694
EUR/USD,20140113 01:46:43.212,1.36642,1.36648
EUR/USD,20140113 01:51:51.115,1.36673,1.36679
EUR/USD,20140113 01:56:52.035,1.36676,1.3668200000000001
EUR/USD,20140113 02:02:00.547,1.36685,1.3669200000000001
EUR/USD,20140113 02:07:01.496,1.3670799999999999,1.36713
EUR/USD,20140113 02:12:02.509,1.36717,1.36721
EUR/USD,20140113 02:17:07.407,1.36735,1.36741
EUR/USD,20140113 02:22:10.580,1.36788,1.36796
EUR/USD,20140113 02:27:13.207,1.36775,1.36781
EUR/USD,20140113 02:32:14.209,1.36779,1.3678700000000001
EUR/USD,20140113 02:37:18.897,1.36775,1.3678299999999999
EUR/USD,20140113 02:42:19.993,1.36784,1.36789
EUR/USD,20140113 02:47:26.606,1.36778,1.36782
