EUR/USD,20180301 00:00:00.196,1.21914,1.21918
EUR/USD,20180301 00:05:00.793,1.21915,1.21919
EUR/USD,20180301 00:10:02.156,1.21928,1.2193200000000002
EUR/USD,20180301 00:15:16.850,1.21935,1.2194
EUR/USD,20180301 00:20:16.873,1.2187299999999999,1.2187700000000001
EUR/USD,20180301 00:25:19.687,1.21851,1.21854
EUR/USD,20180301 00:30:21.586,1.2184,1.21843
EUR/USD,20180301 00:35:22.235,1.21855,1.2186
EUR/USD,20180301 00:40:22.785,1.21886,1.21888
EUR/USD,20180301 00:45:24.427,1.21859,1.21864
EUR/USD,20180301 00:50:25.048,1.21865,1.21869
EUR/USD,20180301 00:55:25.631,1.21871,1.21874
EUR/USD,20180301 01:00:28.480,1.21882,1.21884
EUR/USD,20180301 01:05:35.212,1.21898,1.2190299999999998
EUR/USD,20180301 01:10:37.117,1.2187700000000001,1.21881
EUR/USD,20180301 01:15:37.190,1.2187700000000001,1.21882
EUR/USD,20180301 01:20:44.961,1.2191100000000001,1.21916
EUR/USD,20180301 01:25:45.202,1.21891,1.21894
EUR/USD,20180301 01:30:45.631,1.21865,1.21868
EUR/USD,20180301 01:35:55.207,1.2186,1.21866
EUR/USD,20180301 01:41:00.149,1.21864,1.2186700000000001
EUR/USD,20180301 01:46:00.210,1.21886,1.21889
EUR/USD,20180301 01:51:00.215,1.21916,1.21919
EUR/USD,20180301 01:56:00.718,1.21919,1.21923
EUR/USD,20180301 02:01:00.991,1.2192,1.2192
EUR/USD,20180301 02:06:01.355,1.2189,1.21894
EUR/USD,20180301 02:11:01.740,1.21894,1.21897
EUR/USD,20180301 02:16:09.796,1.21905,1.2191
EUR/USD,20180301 02:21:12.003,1.21879,1.2188299999999999
EUR/USD,20180301 02:26:12.010,1.21874,1.21878
EUR/USD,20180301 02:31:12.731,1.21874,1.2188
EUR/USD,20180301 02:36:14.116,1.21884,1.2188700000000001
EUR/USD,20180301 02:41:17.310,1.2191100000000001,1.21916
EUR/USD,20180301 02:46:18.978,1.21915,1.21919
EUR/USD,20180301 02:51:24.750,1.21923,1.21926
EUR/USD,20180301 02:56:24.939,1.21908,1.2191
EUR/USD,20180301 03:01:41.263,1.2189,1.21896
EUR/USD,20180301 03:06:45.335,1.21907,1.2191
EUR/USD,20180301 03:11:45.957,1.2191100000000001,1.21916
EUR/USD,20180301 03:16:46.903,1.21917,1.2192100000000001
EUR/USD,20180301 03:21:46.969,1.21943,1.2194399999999999
EUR/USD,20180301 03:26:47.059,1.21957,1.21959
EUR/USD,20180301 03:31:52.950,1.21971,1.21975
EUR/USD,20180301 03:37:02.670,1.21961,1.21966
EUR/USD,20180301 03:42:06.961,1.21945,1.21949
EUR/USD,20180301 03:47:07.422,1.21943,1.21945
EUR/USD,20180301 03:52:08.391,1.21949,1.21954
EUR/USD,20180301 03:57:09.682,1.2194399999999999,1.21947
EUR/USD,20180301 04:02:10.824,1.2196,1.21963
EUR/USD,20180301 04:07:14.902,1.21949,1.21955
EUR/USD,20180301 04:12:15.190,1.21922,1.21925
EUR/USD,20180301 04:17:21.588,1.2194,1.21945
EUR/USD,20180301 04:22:24.584,1.21919,1.21926
EUR/USD,20180301 04:27:30.068,1.2194,1.21943
EUR/USD,20180301 04:32:35.703,1.21919,1.21925
EUR/USD,20180301 04:37:42.870,1.21929,1.2193399999999999
EUR/USD,20180301 04:42:43.241,1.2193399999999999,1.21937
EUR/USD,20180301 04:47:44.903,1.21929,1.21933
EUR/USD,20180301 04:52:45.824,1.2192399999999999,1.21928
EUR/USD,20180301 04:57:47.233,1.21941,1.21945
EUR/USD,20180301 05:02:50.605,1.21923,1.21927
EUR/USD,20180301 05:07:53.148,1.2193,1.21933
EUR/USD,20180301 05:12:53.184,1.2196799999999999,1.2197
EUR/USD,20180301 05:17:58.028,1.2194,1.21943
EUR/USD,20180301 05:23:00.501,1.21946,1.2195
EUR/USD,20180301 05:28:01.668,1.21928,1.2193100000000001
EUR/USD,20180301 05:33:09.160,1.2191299999999998,1.21918
EUR/USD,20180301 05:38:11.597,1.21928,1.2193100000000001
EUR/USD,20180301 05:43:12.221,1.2194,1.21945
EUR/USD,20180301 05:48:24.012,1.2192399999999999,1.21929
EUR/USD,20180301 05:53:27.225,1.21927,1.2193
EUR/USD,20180301 05:58:27.827,1.21919,1.21923
EUR/USD,20180301 06:03:38.934,1.2191,1.2191299999999998
EUR/USD,20180301 06:08:42.401,1.2188700000000001,1.2189
EUR/USD,20180301 06:13:43.450,1.21884,1.21889
EUR/USD,20180301 06:18:45.034,1.2191299999999998,1.21917
EUR/USD,20180301 06:23:45.578,1.21914,1.21918
EUR/USD,20180301 06:28:45.654,1.21928,1.2193200000000002
EUR/USD,20180301 06:33:47.504,1.21919,1.2192100000000001
EUR/USD,20180301 06:38:50.060,1.21928,1.2193100000000001
EUR/USD,20180301 06:43:54.639,1.2192,1.21922
EUR/USD,20180301 06:48:55.775,1.21926,1.21929
EUR/USD,20180301 06:53:56.166,1.2203600000000001,1.2204
EUR/USD,20180301 06:58:59.744,1.22056,1.22061
EUR/USD,20180301 07:04:01.081,1.22075,1.22078
EUR/USD,20180301 07:09:01.498,1.22097,1.22101
EUR/USD,20180301 07:14:01.627,1.22038,1.22041
EUR/USD,20180301 07:19:02.147,1.22054,1.22058
EUR/USD,20180301 07:24:02.766,1.22094,1.22097
EUR/USD,20180301 07:29:02.907,1.22091,1.22095
EUR/USD,20180301 07:34:03.526,1.22065,1.22069
EUR/USD,20180301 07:39:07.287,1.22069,1.2207299999999999
EUR/USD,20180301 07:44:07.311,1.22075,1.2207700000000001
EUR/USD,20180301 07:49:09.771,1.22059,1.22062
EUR/USD,20180301 07:54:10.601,1.2211,1.22114
EUR/USD,20180301 07:59:11.278,1.22004,1.2200799999999998
EUR/USD,20180301 08:04:13.034,1.2197,1.21974
EUR/USD,20180301 08:09:16.131,1.21957,1.21961
EUR/USD,20180301 08:14:17.513,1.21975,1.21977
EUR/USD,20180301 08:19:18.417,1.2202899999999999,1.22033
EUR/USD,20180301 08:24:20.152,1.22022,1.22025
EUR/USD,20180301 08:29:24.249,1.22031,1.22035
EUR/USD,20180301 08:34:25.327,1.22011,1.22014
EUR/USD,20180301 08:39:25.485,1.2199799999999998,1.22
EUR/USD,20180301 08:44:25.506,1.21999,1.22002
EUR/USD,20180301 08:49:26.891,1.21957,1.2196
EUR/USD,20180301 08:54:27.502,1.2195,1.2195200000000002
EUR/USD,20180301 08:59:27.652,1.21984,1.21987
EUR/USD,20180301 09:04:28.432,1.21899,1.2190299999999998
EUR/USD,20180301 09:09:28.598,1.2191100000000001,1.21915
EUR/USD,20180301 09:14:30.727,1.21909,1.21912
EUR/USD,20180301 09:19:31.959,1.2191100000000001,1.21915
EUR/USD,20180301 09:24:33.823,1.2186700000000001,1.21869
EUR/USD,20180301 09:29:40.089,1.21882,1.21885
EUR/USD,20180301 09:34:40.376,1.21865,1.2186700000000001
EUR/USD,20180301 09:39:41.140,1.21852,1.21856
EUR/USD,20180301 09:44:43.121,1.21812,1.21815
EUR/USD,20180301 09:49:43.842,1.2183700000000002,1.2184
EUR/USD,20180301 09:54:48.438,1.2180600000000001,1.21809
EUR/USD,20180301 09:59:48.638,1.2181,1.2181600000000001
EUR/USD,20180301 10:04:51.657,1.21834,1.2183700000000002
EUR/USD,20180301 10:09:52.911,1.21892,1.21894
EUR/USD,20180301 10:14:56.299,1.2187,1.21874
EUR/USD,20180301 10:19:58.314,1.2188,1.2188299999999999
EUR/USD,20180301 10:25:00.130,1.21912,1.21916
EUR/USD,20180301 10:30:00.792,1.2188700000000001,1.21891
EUR/USD,20180301 10:35:05.549,1.2189,1.2189299999999998
EUR/USD,20180301 10:40:05.983,1.219,1.2190299999999998
EUR/USD,20180301 10:45:06.001,1.2192,1.21922
EUR/USD,20180301 10:50:06.832,1.21922,1.2192399999999999
EUR/USD,20180301 10:55:07.276,1.21923,1.21925
EUR/USD,20180301 11:00:09.690,1.21879,1.2188299999999999
EUR/USD,20180301 11:05:10.373,1.21834,1.21836
EUR/USD,20180301 11:10:10.740,1.21845,1.21849
EUR/USD,20180301 11:15:11.972,1.21848,1.2185
EUR/USD,20180301 11:20:13.563,1.2182600000000001,1.21831
EUR/USD,20180301 11:25:15.213,1.21868,1.21875
EUR/USD,20180301 11:30:15.395,1.21846,1.2185
EUR/USD,20180301 11:35:16.256,1.2186299999999999,1.21866
EUR/USD,20180301 11:40:17.525,1.21885,1.21888
EUR/USD,20180301 11:45:18.542,1.21853,1.21856
EUR/USD,20180301 11:50:18.763,1.21852,1.21854
EUR/USD,20180301 11:55:21.302,1.21848,1.21852
EUR/USD,20180301 12:00:21.805,1.21853,1.21856
EUR/USD,20180301 12:05:22.045,1.21886,1.2188700000000001
EUR/USD,20180301 12:10:23.344,1.2185700000000002,1.21861
EUR/USD,20180301 12:15:24.061,1.21813,1.2181600000000001
EUR/USD,20180301 12:20:27.706,1.21763,1.21765
EUR/USD,20180301 12:25:27.791,1.21729,1.2173100000000001
EUR/USD,20180301 12:30:31.447,1.21707,1.21709
EUR/USD,20180301 12:35:33.011,1.21741,1.21745
EUR/USD,20180301 12:40:33.049,1.2176799999999999,1.2177
EUR/USD,20180301 12:45:33.054,1.2172399999999999,1.21726
EUR/USD,20180301 12:50:33.358,1.21659,1.21662
EUR/USD,20180301 12:55:33.456,1.21728,1.2173
EUR/USD,20180301 13:00:36.091,1.2169,1.21694
EUR/USD,20180301 13:05:37.995,1.21635,1.2163899999999999
EUR/USD,20180301 13:10:43.091,1.2165700000000002,1.2166
EUR/USD,20180301 13:15:43.461,1.21704,1.21708
EUR/USD,20180301 13:20:45.842,1.2174399999999999,1.21747
EUR/USD,20180301 13:25:47.151,1.21763,1.2176799999999999
EUR/USD,20180301 13:30:47.680,1.21779,1.21781
EUR/USD,20180301 13:35:48.786,1.21776,1.21779
EUR/USD,20180301 13:40:51.430,1.2175799999999999,1.21761
EUR/USD,20180301 13:45:52.966,1.21787,1.21791
EUR/USD,20180301 13:50:53.029,1.2180600000000001,1.21809
EUR/USD,20180301 13:55:57.411,1.21838,1.2184
EUR/USD,20180301 14:00:57.455,1.21886,1.2189
EUR/USD,20180301 14:05:57.668,1.21851,1.21854
EUR/USD,20180301 14:10:59.722,1.21833,1.21836
EUR/USD,20180301 14:16:00.666,1.21767,1.2177
EUR/USD,20180301 14:21:01.211,1.2179799999999998,1.21802
EUR/USD,20180301 14:26:01.541,1.21743,1.21747
EUR/USD,20180301 14:31:01.548,1.21799,1.21801
EUR/USD,20180301 14:36:01.557,1.21746,1.21749
EUR/USD,20180301 14:41:01.656,1.2167,1.2167299999999999
EUR/USD,20180301 14:46:02.120,1.21681,1.2168299999999999
EUR/USD,20180301 14:51:02.330,1.21695,1.21699
EUR/USD,20180301 14:56:02.337,1.21751,1.21755
EUR/USD,20180301 15:01:02.638,1.21674,1.21678
EUR/USD,20180301 15:06:02.807,1.21556,1.2156
EUR/USD,20180301 15:11:08.807,1.2164700000000002,1.21649
EUR/USD,20180301 15:16:09.798,1.2168700000000001,1.2169
EUR/USD,20180301 15:21:10.028,1.217,1.2170299999999998
EUR/USD,20180301 15:26:11.036,1.21652,1.21655
EUR/USD,20180301 15:31:11.554,1.21799,1.21801
EUR/USD,20180301 15:36:11.767,1.2197799999999999,1.21981
EUR/USD,20180301 15:41:11.844,1.2201799999999998,1.22021
EUR/USD,20180301 15:46:11.859,1.21966,1.2197
EUR/USD,20180301 15:51:13.005,1.2188,1.21882
EUR/USD,20180301 15:56:13.074,1.21831,1.21834
EUR/USD,20180301 16:01:13.134,1.21801,1.21803
EUR/USD,20180301 16:06:13.216,1.21773,1.21777
EUR/USD,20180301 16:11:13.756,1.21767,1.21771
EUR/USD,20180301 16:16:13.847,1.21805,1.2180799999999998
EUR/USD,20180301 16:21:13.972,1.21902,1.21905
EUR/USD,20180301 16:26:14.125,1.21954,1.2195799999999999
EUR/USD,20180301 16:31:14.611,1.21969,1.21973
EUR/USD,20180301 16:36:19.367,1.22055,1.22061
EUR/USD,20180301 16:41:19.839,1.2207299999999999,1.2207700000000001
EUR/USD,20180301 16:46:20.179,1.2219,1.22193
EUR/USD,20180301 16:51:20.239,1.22095,1.22097
EUR/USD,20180301 16:56:20.610,1.22166,1.2217
EUR/USD,20180301 17:01:20.671,1.22145,1.22149
EUR/USD,20180301 17:06:22.186,1.22147,1.2215
EUR/USD,20180301 17:11:22.293,1.2219,1.22193
EUR/USD,20180301 17:16:23.155,1.2211299999999998,1.22116
EUR/USD,20180301 17:21:23.188,1.2208700000000001,1.22088
EUR/USD,20180301 17:26:23.927,1.22082,1.22086
EUR/USD,20180301 17:31:24.000,1.2207700000000001,1.2208
EUR/USD,20180301 17:36:24.662,1.22106,1.2211
EUR/USD,20180301 17:41:27.144,1.22097,1.22101
EUR/USD,20180301 17:46:27.168,1.22128,1.22128
EUR/USD,20180301 17:51:27.725,1.22071,1.22075
EUR/USD,20180301 17:56:27.925,1.22062,1.22066
EUR/USD,20180301 18:01:28.078,1.22126,1.2213
EUR/USD,20180301 18:06:28.186,1.22117,1.2212
EUR/USD,20180301 18:11:28.541,1.22062,1.22065
EUR/USD,20180301 18:16:28.573,1.22147,1.22151
EUR/USD,20180301 18:21:29.042,1.2206,1.22061
EUR/USD,20180301 18:26:29.055,1.22,1.22004
EUR/USD,20180301 18:31:29.559,1.22068,1.22072
EUR/USD,20180301 18:36:30.603,1.22017,1.2202
EUR/USD,20180301 18:41:31.026,1.21951,1.21954
EUR/USD,20180301 18:46:32.142,1.2198200000000001,1.21986
EUR/USD,20180301 18:51:32.723,1.219,1.21905
EUR/USD,20180301 18:56:32.941,1.21936,1.21941
EUR/USD,20180301 19:01:33.150,1.2199799999999998,1.22003
EUR/USD,20180301 19:06:33.209,1.22024,1.2202600000000001
EUR/USD,20180301 19:11:33.970,1.2201600000000001,1.2201899999999999
EUR/USD,20180301 19:16:34.335,1.2202600000000001,1.2203
EUR/USD,20180301 19:21:34.402,1.2208299999999999,1.2208700000000001
EUR/USD,20180301 19:26:35.070,1.2214200000000002,1.22147
EUR/USD,20180301 19:31:35.135,1.22286,1.22291
EUR/USD,20180301 19:36:36.533,1.22316,1.2232
EUR/USD,20180301 19:41:36.647,1.2232299999999998,1.22327
EUR/USD,20180301 19:46:36.907,1.22336,1.2234
EUR/USD,20180301 19:51:36.976,1.22472,1.22476
EUR/USD,20180301 19:56:37.022,1.2252299999999998,1.22526
EUR/USD,20180301 20:01:37.101,1.22583,1.22585
EUR/USD,20180301 20:06:37.216,1.22643,1.2264700000000002
EUR/USD,20180301 20:11:38.449,1.22611,1.2261600000000001
EUR/USD,20180301 20:16:38.567,1.2266299999999999,1.22668
EUR/USD,20180301 20:21:40.080,1.22597,1.22602
EUR/USD,20180301 20:26:42.619,1.22573,1.22577
EUR/USD,20180301 20:31:42.619,1.22638,1.22641
EUR/USD,20180301 20:36:42.729,1.2264899999999999,1.2265
EUR/USD,20180301 20:41:42.752,1.2264700000000002,1.22652
EUR/USD,20180301 20:46:44.205,1.22628,1.22631
EUR/USD,20180301 20:51:48.145,1.22624,1.2262899999999999
EUR/USD,20180301 20:56:48.844,1.22632,1.22635
EUR/USD,20180301 21:01:48.859,1.2267,1.2267299999999999
EUR/USD,20180301 21:06:51.649,1.22695,1.22698
EUR/USD,20180301 21:11:53.677,1.2265,1.22654
EUR/USD,20180301 21:16:57.367,1.22613,1.22619
EUR/USD,20180301 21:21:58.110,1.22645,1.2264899999999999
EUR/USD,20180301 21:27:00.749,1.2263700000000002,1.2264
EUR/USD,20180301 21:32:11.306,1.22631,1.22634
EUR/USD,20180301 21:37:13.870,1.22624,1.2262899999999999
EUR/USD,20180301 21:42:14.097,1.2263600000000001,1.22642
EUR/USD,20180301 21:47:21.829,1.2264,1.22645
EUR/USD,20180301 21:52:23.035,1.22644,1.22651
EUR/USD,20180301 21:57:25.562,1.2267299999999999,1.22679
EUR/USD,20180301 22:02:26.976,1.2265700000000002,1.2267700000000001
EUR/USD,20180301 22:07:28.080,1.22681,1.2269299999999999
EUR/USD,20180301 22:12:41.948,1.2267700000000001,1.22696
EUR/USD,20180301 22:17:54.715,1.22694,1.22718
EUR/USD,20180301 22:23:07.166,1.22669,1.2269
EUR/USD,20180301 22:28:07.677,1.22664,1.22691
EUR/USD,20180301 22:33:08.051,1.22662,1.22674
EUR/USD,20180301 22:38:08.132,1.22686,1.2269299999999999
EUR/USD,20180301 22:43:19.604,1.22692,1.22701
EUR/USD,20180301 22:48:24.322,1.22733,1.22737
EUR/USD,20180301 22:53:28.435,1.2274399999999999,1.22749
EUR/USD,20180301 22:58:38.136,1.2274399999999999,1.22749
EUR/USD,20180301 23:03:45.675,1.22707,1.2271
EUR/USD,20180301 23:08:48.153,1.22698,1.22702
EUR/USD,20180301 23:13:53.799,1.2267700000000001,1.22682
EUR/USD,20180301 23:18:59.427,1.22664,1.22669
EUR/USD,20180301 23:24:00.662,1.2269299999999999,1.22698
EUR/USD,20180301 23:29:11.995,1.22688,1.22696
EUR/USD,20180301 23:34:18.795,1.2268,1.22685
EUR/USD,20180301 23:39:19.876,1.22671,1.22676
EUR/USD,20180301 23:44:23.671,1.22661,1.22665
EUR/USD,20180301 23:49:33.466,1.22706,1.2271
EUR/USD,20180301 23:54:36.113,1.22725,1.22729
EUR/USD,20180301 23:59:39.971,1.22709,1.22715
EUR/USD,20180302 00:04:40.065,1.2267,1.2267299999999999
EUR/USD,20180302 00:09:40.430,1.22674,1.22678
EUR/USD,20180302 00:14:43.739,1.22625,1.2263
EUR/USD,20180302 00:19:44.229,1.22622,1.2262600000000001
EUR/USD,20180302 00:24:47.100,1.22659,1.22661
EUR/USD,20180302 00:29:47.361,1.22669,1.22671
EUR/USD,20180302 00:34:53.359,1.22678,1.22682
EUR/USD,20180302 00:39:54.048,1.2268299999999999,1.22688
EUR/USD,20180302 00:44:55.136,1.22695,1.22699
EUR/USD,20180302 00:49:59.070,1.22746,1.22749
EUR/USD,20180302 00:54:59.498,1.22738,1.22739
EUR/USD,20180302 00:59:59.935,1.2273399999999999,1.22736
EUR/USD,20180302 01:05:00.183,1.2272100000000001,1.2272399999999999
EUR/USD,20180302 01:10:00.219,1.22688,1.22691
EUR/USD,20180302 01:15:00.525,1.2269299999999999,1.227
EUR/USD,20180302 01:20:01.069,1.22725,1.22729
EUR/USD,20180302 01:25:01.096,1.2268299999999999,1.22686
EUR/USD,20180302 01:30:01.674,1.2272,1.2272299999999998
EUR/USD,20180302 01:35:02.871,1.22707,1.2271
EUR/USD,20180302 01:40:03.199,1.22704,1.22707
EUR/USD,20180302 01:45:06.665,1.2271100000000001,1.22714
EUR/USD,20180302 01:50:06.846,1.22714,1.22717
EUR/USD,20180302 01:55:08.234,1.2277200000000001,1.22776
EUR/USD,20180302 02:00:18.516,1.22743,1.22745
EUR/USD,20180302 02:05:18.648,1.2274200000000002,1.22745
EUR/USD,20180302 02:10:19.197,1.2274,1.2274399999999999
EUR/USD,20180302 02:15:20.908,1.22727,1.2273
EUR/USD,20180302 02:20:22.338,1.22745,1.22748
EUR/USD,20180302 02:25:22.780,1.2276200000000002,1.22767
EUR/USD,20180302 02:30:23.223,1.22704,1.22707
EUR/USD,20180302 02:35:28.993,1.22725,1.22729
EUR/USD,20180302 02:40:35.476,1.2273,1.22733
EUR/USD,20180302 02:45:35.786,1.2272399999999999,1.22727
EUR/USD,20180302 02:50:36.044,1.22738,1.2274200000000002
EUR/USD,20180302 02:55:39.026,1.22738,1.22745
EUR/USD,20180302 03:00:41.502,1.22733,1.22737
EUR/USD,20180302 03:05:44.221,1.22757,1.22761
EUR/USD,20180302 03:10:51.606,1.22745,1.22751
EUR/USD,20180302 03:15:56.640,1.22725,1.22729
EUR/USD,20180302 03:20:57.008,1.22761,1.22765
EUR/USD,20180302 03:26:00.338,1.22766,1.2277
EUR/USD,20180302 03:31:00.688,1.22795,1.22799
EUR/USD,20180302 03:36:03.793,1.2279,1.22794
EUR/USD,20180302 03:41:03.903,1.2278200000000001,1.22787
EUR/USD,20180302 03:46:05.048,1.22801,1.22804
EUR/USD,20180302 03:51:05.744,1.2280200000000001,1.22806
EUR/USD,20180302 03:56:13.120,1.22809,1.22815
EUR/USD,20180302 04:01:14.598,1.2281,1.22814
EUR/USD,20180302 04:06:14.840,1.22859,1.2286299999999999
EUR/USD,20180302 04:11:17.841,1.22865,1.22869
EUR/USD,20180302 04:16:18.597,1.22825,1.2282899999999999
EUR/USD,20180302 04:21:20.219,1.2283600000000001,1.2284
EUR/USD,20180302 04:26:20.267,1.22823,1.22827
EUR/USD,20180302 04:31:21.131,1.2281,1.22813
EUR/USD,20180302 04:36:28.942,1.22795,1.228
EUR/USD,20180302 04:41:29.143,1.22805,1.2280799999999998
EUR/USD,20180302 04:46:31.048,1.22803,1.2280799999999998
EUR/USD,20180302 04:51:32.927,1.2280799999999998,1.22812
EUR/USD,20180302 04:56:33.529,1.22806,1.22811
EUR/USD,20180302 05:01:34.559,1.2277200000000001,1.22775
EUR/USD,20180302 05:06:39.030,1.2280200000000001,1.22807
EUR/USD,20180302 05:11:44.848,1.22775,1.22779
EUR/USD,20180302 05:16:50.564,1.22755,1.22761
EUR/USD,20180302 05:21:52.521,1.22767,1.22771
EUR/USD,20180302 05:26:53.146,1.22765,1.2277
EUR/USD,20180302 05:31:57.414,1.22756,1.22761
EUR/USD,20180302 05:37:03.763,1.2277,1.22775
EUR/USD,20180302 05:42:05.899,1.22776,1.22781
EUR/USD,20180302 05:47:07.156,1.22793,1.228
EUR/USD,20180302 05:52:08.146,1.228,1.22803
EUR/USD,20180302 05:57:09.415,1.22793,1.22797
EUR/USD,20180302 06:02:09.620,1.22764,1.2276799999999999
EUR/USD,20180302 06:07:12.832,1.22735,1.22739
EUR/USD,20180302 06:12:13.445,1.2271100000000001,1.22714
EUR/USD,20180302 06:17:14.572,1.2268700000000001,1.2269
EUR/USD,20180302 06:22:15.493,1.22699,1.22701
EUR/USD,20180302 06:27:19.368,1.22705,1.22708
EUR/USD,20180302 06:32:19.865,1.22678,1.22682
EUR/USD,20180302 06:37:20.899,1.22668,1.22672
EUR/USD,20180302 06:42:21.237,1.22654,1.2265700000000002
EUR/USD,20180302 06:47:21.469,1.22692,1.22696
EUR/USD,20180302 06:52:21.682,1.22627,1.2263
EUR/USD,20180302 06:57:23.505,1.2263899999999999,1.22644
EUR/USD,20180302 07:02:23.517,1.22613,1.2261600000000001
EUR/USD,20180302 07:07:23.548,1.2259200000000001,1.22596
EUR/USD,20180302 07:12:24.206,1.2260799999999998,1.2261
EUR/USD,20180302 07:17:24.422,1.22633,1.2263600000000001
EUR/USD,20180302 07:22:24.673,1.22591,1.22594
EUR/USD,20180302 07:27:24.931,1.22558,1.22561
EUR/USD,20180302 07:32:25.827,1.22594,1.2259799999999998
EUR/USD,20180302 07:37:26.234,1.22557,1.22561
EUR/USD,20180302 07:42:26.874,1.22532,1.22536
EUR/USD,20180302 07:47:27.082,1.22553,1.22557
EUR/USD,20180302 07:52:27.138,1.22631,1.22635
EUR/USD,20180302 07:57:27.964,1.2263,1.22634
EUR/USD,20180302 08:02:28.011,1.22595,1.22599
EUR/USD,20180302 08:07:31.389,1.22577,1.22581
EUR/USD,20180302 08:12:32.638,1.22558,1.22559
EUR/USD,20180302 08:17:32.893,1.22579,1.2258200000000001
EUR/USD,20180302 08:22:33.681,1.22645,1.22648
EUR/USD,20180302 08:27:39.067,1.2264700000000002,1.22651
EUR/USD,20180302 08:32:40.164,1.22694,1.22698
EUR/USD,20180302 08:37:41.010,1.22708,1.22709
EUR/USD,20180302 08:42:41.294,1.22761,1.22764
EUR/USD,20180302 08:47:41.322,1.2278,1.22783
EUR/USD,20180302 08:52:47.850,1.22761,1.22764
EUR/USD,20180302 08:57:51.869,1.22757,1.22761
EUR/USD,20180302 09:02:52.615,1.22743,1.22747
EUR/USD,20180302 09:07:55.017,1.22706,1.22708
EUR/USD,20180302 09:12:55.076,1.2263899999999999,1.22643
EUR/USD,20180302 09:17:55.974,1.227,1.22704
EUR/USD,20180302 09:22:56.182,1.2274,1.22743
EUR/USD,20180302 09:27:57.830,1.2275200000000002,1.2275399999999999
EUR/USD,20180302 09:32:59.105,1.22746,1.2275
EUR/USD,20180302 09:37:59.739,1.2275,1.2275399999999999
EUR/USD,20180302 09:43:04.312,1.22746,1.22749
EUR/USD,20180302 09:48:05.563,1.2278799999999999,1.2279200000000001
EUR/USD,20180302 09:53:05.658,1.22779,1.2278200000000001
EUR/USD,20180302 09:58:06.829,1.2278200000000001,1.22786
EUR/USD,20180302 10:03:07.385,1.22811,1.22814
EUR/USD,20180302 10:08:07.410,1.22777,1.2278
EUR/USD,20180302 10:13:08.024,1.22779,1.2278200000000001
EUR/USD,20180302 10:18:08.134,1.22797,1.228
EUR/USD,20180302 10:23:11.098,1.22807,1.2281
EUR/USD,20180302 10:28:11.885,1.22872,1.22876
EUR/USD,20180302 10:33:13.582,1.22936,1.22939
EUR/USD,20180302 10:38:13.601,1.22906,1.22909
EUR/USD,20180302 10:43:15.206,1.22885,1.2288700000000001
EUR/USD,20180302 10:48:16.545,1.2287,1.2287299999999999
EUR/USD,20180302 10:53:17.639,1.2284700000000002,1.2285
EUR/USD,20180302 10:58:17.657,1.22872,1.22875
EUR/USD,20180302 11:03:18.585,1.22918,1.22922
EUR/USD,20180302 11:08:19.110,1.23102,1.23106
EUR/USD,20180302 11:13:19.235,1.2321,1.2321600000000001
EUR/USD,20180302 11:18:19.865,1.2319200000000001,1.23195
EUR/USD,20180302 11:23:22.990,1.23127,1.2313
EUR/USD,20180302 11:28:23.226,1.23127,1.2313
EUR/USD,20180302 11:33:23.956,1.23161,1.23165
EUR/USD,20180302 11:38:25.084,1.2316799999999999,1.23171
EUR/USD,20180302 11:43:25.509,1.2314100000000001,1.23145
EUR/USD,20180302 11:48:25.763,1.2313,1.2313399999999999
EUR/USD,20180302 11:53:27.071,1.23106,1.2311
EUR/USD,20180302 11:58:27.153,1.23061,1.23065
EUR/USD,20180302 12:03:27.348,1.23066,1.23069
EUR/USD,20180302 12:08:27.361,1.23062,1.23064
EUR/USD,20180302 12:13:28.765,1.23075,1.23078
EUR/USD,20180302 12:18:28.797,1.2317799999999999,1.23181
EUR/USD,20180302 12:23:30.782,1.23153,1.23156
EUR/USD,20180302 12:28:30.890,1.23138,1.2314
EUR/USD,20180302 12:33:32.380,1.2316799999999999,1.23171
EUR/USD,20180302 12:38:32.798,1.23191,1.23195
EUR/USD,20180302 12:43:36.053,1.23196,1.232
EUR/USD,20180302 12:48:36.396,1.23185,1.2318799999999999
EUR/USD,20180302 12:53:37.494,1.2317200000000001,1.23175
EUR/USD,20180302 12:58:38.582,1.23085,1.2308700000000001
EUR/USD,20180302 13:03:39.445,1.23126,1.23129
EUR/USD,20180302 13:08:40.120,1.2316,1.23163
EUR/USD,20180302 13:13:40.482,1.2314100000000001,1.2314399999999999
EUR/USD,20180302 13:18:41.430,1.23098,1.23101
EUR/USD,20180302 13:23:41.661,1.23091,1.23095
EUR/USD,20180302 13:28:44.772,1.23062,1.23065
EUR/USD,20180302 13:33:53.436,1.2311299999999998,1.23114
EUR/USD,20180302 13:38:53.881,1.2316799999999999,1.2317
EUR/USD,20180302 13:43:54.585,1.23118,1.23122
EUR/USD,20180302 13:48:54.782,1.22958,1.22961
EUR/USD,20180302 13:53:55.104,1.2301600000000001,1.23019
EUR/USD,20180302 13:58:57.250,1.23068,1.23069
EUR/USD,20180302 14:03:57.386,1.23125,1.23128
EUR/USD,20180302 14:08:57.525,1.23108,1.2311
EUR/USD,20180302 14:13:57.805,1.23035,1.2303899999999999
EUR/USD,20180302 14:18:59.460,1.23003,1.23005
EUR/USD,20180302 14:23:59.706,1.23059,1.23062
EUR/USD,20180302 14:28:59.789,1.2312299999999998,1.23126
EUR/USD,20180302 14:33:59.829,1.2308700000000001,1.23089
EUR/USD,20180302 14:39:00.740,1.23056,1.23059
EUR/USD,20180302 14:44:03.581,1.23048,1.2305
EUR/USD,20180302 14:49:03.625,1.2302799999999998,1.23032
EUR/USD,20180302 14:54:04.475,1.23074,1.2307700000000001
EUR/USD,20180302 14:59:05.039,1.23098,1.23101
EUR/USD,20180302 15:04:05.086,1.23238,1.23242
EUR/USD,20180302 15:09:05.374,1.23254,1.2325700000000002
EUR/USD,20180302 15:14:05.459,1.23305,1.23308
EUR/USD,20180302 15:19:08.663,1.23254,1.23258
EUR/USD,20180302 15:24:08.855,1.23266,1.23269
EUR/USD,20180302 15:29:08.865,1.23259,1.23262
EUR/USD,20180302 15:34:09.857,1.23224,1.23231
EUR/USD,20180302 15:39:09.887,1.23133,1.23136
EUR/USD,20180302 15:44:10.228,1.23146,1.23148
EUR/USD,20180302 15:49:11.344,1.2313399999999999,1.23137
EUR/USD,20180302 15:54:11.357,1.23135,1.23138
EUR/USD,20180302 15:59:12.055,1.23122,1.23124
EUR/USD,20180302 16:04:15.163,1.2309,1.23095
EUR/USD,20180302 16:09:15.324,1.23095,1.23098
EUR/USD,20180302 16:14:15.949,1.23072,1.23075
EUR/USD,20180302 16:19:16.844,1.23079,1.23081
EUR/USD,20180302 16:24:18.043,1.23084,1.23088
EUR/USD,20180302 16:29:20.696,1.23146,1.23151
EUR/USD,20180302 16:34:21.641,1.23153,1.23155
EUR/USD,20180302 16:39:22.505,1.232,1.23203
EUR/USD,20180302 16:44:25.046,1.23169,1.23173
EUR/USD,20180302 16:49:26.118,1.23149,1.2315200000000002
EUR/USD,20180302 16:54:26.190,1.2316200000000002,1.23166
EUR/USD,20180302 16:59:27.187,1.23151,1.23155
EUR/USD,20180302 17:04:27.632,1.23163,1.23165
EUR/USD,20180302 17:09:28.398,1.23186,1.2319
EUR/USD,20180302 17:14:28.576,1.23179,1.2318200000000001
EUR/USD,20180302 17:19:29.352,1.2313399999999999,1.23137
EUR/USD,20180302 17:24:29.721,1.23089,1.23092
EUR/USD,20180302 17:29:29.905,1.23058,1.23061
EUR/USD,20180302 17:34:29.966,1.23066,1.23069
EUR/USD,20180302 17:39:32.826,1.2307700000000001,1.23081
EUR/USD,20180302 17:44:32.888,1.2307299999999999,1.2307700000000001
EUR/USD,20180302 17:49:34.363,1.2311299999999998,1.23117
EUR/USD,20180302 17:54:34.371,1.23129,1.23133
EUR/USD,20180302 17:59:34.608,1.23108,1.23112
EUR/USD,20180302 18:04:34.887,1.2314,1.23143
EUR/USD,20180302 18:09:36.258,1.2323,1.23232
EUR/USD,20180302 18:14:39.466,1.23191,1.23195
EUR/USD,20180302 18:19:40.167,1.23177,1.23179
EUR/USD,20180302 18:24:40.562,1.23159,1.2316200000000002
EUR/USD,20180302 18:29:40.710,1.232,1.23203
EUR/USD,20180302 18:34:41.466,1.23183,1.23187
EUR/USD,20180302 18:39:43.062,1.23175,1.23181
EUR/USD,20180302 18:44:53.144,1.23181,1.23183
EUR/USD,20180302 18:49:59.136,1.23209,1.23213
EUR/USD,20180302 18:54:59.716,1.23201,1.23205
EUR/USD,20180302 19:00:01.450,1.23215,1.23219
EUR/USD,20180302 19:05:02.414,1.23203,1.23207
EUR/USD,20180302 19:10:08.115,1.2324,1.23243
EUR/USD,20180302 19:15:10.211,1.23231,1.23234
EUR/USD,20180302 19:20:11.547,1.23243,1.23246
EUR/USD,20180302 19:25:11.622,1.2323600000000001,1.2324
EUR/USD,20180302 19:30:14.066,1.23234,1.2323899999999999
EUR/USD,20180302 19:35:14.125,1.23266,1.2327
EUR/USD,20180302 19:40:16.978,1.2327700000000001,1.23281
EUR/USD,20180302 19:45:18.664,1.23271,1.23276
EUR/USD,20180302 19:50:19.405,1.2329999999999999,1.2330299999999998
EUR/USD,20180302 19:55:20.676,1.23291,1.23295
EUR/USD,20180302 20:00:21.511,1.23319,1.23319
EUR/USD,20180302 20:05:22.779,1.2328,1.2328299999999999
EUR/USD,20180302 20:10:24.211,1.2328,1.23284
EUR/USD,20180302 20:15:25.498,1.23256,1.23262
EUR/USD,20180302 20:20:33.670,1.23258,1.2326
EUR/USD,20180302 20:25:41.947,1.23281,1.23289
EUR/USD,20180302 20:30:47.094,1.23291,1.23295
EUR/USD,20180302 20:35:56.761,1.23295,1.23299
EUR/USD,20180302 20:40:59.932,1.23289,1.23294
EUR/USD,20180302 20:45:59.933,1.2332100000000001,1.23324
EUR/USD,20180302 20:51:00.541,1.23337,1.2334200000000002
EUR/USD,20180302 20:56:01.520,1.23349,1.23353
EUR/USD,20180304 22:01:27.664,1.23286,1.2339
EUR/USD,20180304 22:06:33.449,1.2337,1.23391
EUR/USD,20180304 22:11:34.930,1.23475,1.23496
EUR/USD,20180304 22:16:35.506,1.23614,1.23634
EUR/USD,20180304 22:21:43.723,1.23506,1.23607
EUR/USD,20180304 22:26:47.491,1.23506,1.23515
EUR/USD,20180304 22:31:48.032,1.23517,1.23526
EUR/USD,20180304 22:36:48.116,1.23514,1.2353399999999999
EUR/USD,20180304 22:41:54.654,1.2352100000000001,1.2353100000000001
EUR/USD,20180304 22:46:54.786,1.23375,1.23405
EUR/USD,20180304 22:51:59.942,1.23433,1.23442
EUR/USD,20180304 22:57:00.931,1.23484,1.2350700000000001
EUR/USD,20180304 23:02:02.927,1.2344,1.2344700000000002
EUR/USD,20180304 23:07:03.270,1.2339200000000001,1.23397
EUR/USD,20180304 23:12:05.835,1.23369,1.23377
EUR/USD,20180304 23:17:05.952,1.23291,1.2329999999999999
EUR/USD,20180304 23:22:06.265,1.23243,1.2324899999999999
EUR/USD,20180304 23:27:06.304,1.23106,1.23118
EUR/USD,20180304 23:32:06.393,1.2302799999999998,1.23033
EUR/USD,20180304 23:37:12.639,1.23043,1.2304899999999999
EUR/USD,20180304 23:42:20.654,1.2308700000000001,1.2309299999999999
EUR/USD,20180304 23:47:21.032,1.23128,1.2313
EUR/USD,20180304 23:52:26.294,1.23099,1.23106
EUR/USD,20180304 23:57:28.082,1.23129,1.2313399999999999
EUR/USD,20180305 00:02:29.007,1.2319200000000001,1.23197
EUR/USD,20180305 00:07:29.814,1.23224,1.2322799999999998
EUR/USD,20180305 00:12:35.405,1.2324700000000002,1.23251
EUR/USD,20180305 00:17:37.392,1.23262,1.23265
EUR/USD,20180305 00:22:37.939,1.23227,1.2322899999999999
EUR/USD,20180305 00:27:38.373,1.23245,1.2324700000000002
EUR/USD,20180305 00:32:38.974,1.23308,1.23309
EUR/USD,20180305 00:37:40.362,1.23339,1.23343
EUR/USD,20180305 00:42:41.536,1.23338,1.2334200000000002
EUR/USD,20180305 00:47:44.241,1.23346,1.23349
EUR/USD,20180305 00:52:44.292,1.2335399999999999,1.2335399999999999
EUR/USD,20180305 00:57:45.441,1.2333,1.23333
EUR/USD,20180305 01:02:50.887,1.2332100000000001,1.23327
EUR/USD,20180305 01:07:54.129,1.23349,1.2335200000000002
EUR/USD,20180305 01:12:54.194,1.23339,1.23343
EUR/USD,20180305 01:17:54.506,1.2333,1.2333399999999999
EUR/USD,20180305 01:22:57.112,1.23351,1.23355
EUR/USD,20180305 01:28:06.865,1.23348,1.23353
EUR/USD,20180305 01:33:09.008,1.2334399999999999,1.23348
EUR/USD,20180305 01:38:11.573,1.2333399999999999,1.23338
EUR/USD,20180305 01:43:20.691,1.2333,1.23335
EUR/USD,20180305 01:48:21.745,1.23339,1.2334200000000002
EUR/USD,20180305 01:53:22.729,1.2329999999999999,1.2330299999999998
EUR/USD,20180305 01:58:35.479,1.2330299999999998,1.23309
EUR/USD,20180305 02:03:35.547,1.23264,1.23268
EUR/USD,20180305 02:08:37.798,1.23284,1.2328700000000001
EUR/USD,20180305 02:13:39.048,1.2328,1.23284
EUR/USD,20180305 02:18:42.284,1.23233,1.2323600000000001
EUR/USD,20180305 02:23:46.948,1.23243,1.2324700000000002
EUR/USD,20180305 02:28:50.924,1.23279,1.23282
EUR/USD,20180305 02:33:51.418,1.23276,1.23282
EUR/USD,20180305 02:38:58.424,1.23276,1.2328
EUR/USD,20180305 02:44:00.090,1.23207,1.23211
EUR/USD,20180305 02:49:00.188,1.23217,1.2322
EUR/USD,20180305 02:54:00.233,1.2323600000000001,1.23238
EUR/USD,20180305 02:59:01.392,1.2322,1.23225
EUR/USD,20180305 03:04:03.115,1.2320200000000001,1.23205
EUR/USD,20180305 03:09:04.365,1.2318799999999999,1.23191
EUR/USD,20180305 03:14:05.514,1.23185,1.2318799999999999
EUR/USD,20180305 03:19:09.025,1.23221,1.23224
EUR/USD,20180305 03:24:10.673,1.2322799999999998,1.23233
EUR/USD,20180305 03:29:15.188,1.23243,1.23246
EUR/USD,20180305 03:34:16.837,1.2321799999999998,1.23222
EUR/USD,20180305 03:39:17.588,1.23272,1.23276
EUR/USD,20180305 03:44:31.691,1.23268,1.2327299999999999
EUR/USD,20180305 03:49:38.000,1.2326,1.23264
EUR/USD,20180305 03:54:39.665,1.23264,1.2327
EUR/USD,20180305 03:59:39.951,1.2327,1.2327299999999999
EUR/USD,20180305 04:04:41.274,1.2324700000000002,1.23254
EUR/USD,20180305 04:09:42.881,1.2322899999999999,1.23233
EUR/USD,20180305 04:14:45.741,1.2321,1.23215
EUR/USD,20180305 04:19:57.051,1.2322799999999998,1.23233
EUR/USD,20180305 04:25:00.210,1.23205,1.23209
EUR/USD,20180305 04:30:01.715,1.23201,1.23203
EUR/USD,20180305 04:35:07.716,1.23238,1.23243
EUR/USD,20180305 04:40:11.078,1.23222,1.23224
EUR/USD,20180305 04:45:11.407,1.2324899999999999,1.23252
EUR/USD,20180305 04:50:21.629,1.23237,1.2323899999999999
EUR/USD,20180305 04:55:22.578,1.23219,1.23225
EUR/USD,20180305 05:00:26.345,1.23215,1.2321799999999998
EUR/USD,20180305 05:05:28.648,1.2323899999999999,1.23242
EUR/USD,20180305 05:10:28.736,1.23234,1.23237
EUR/USD,20180305 05:15:37.459,1.23232,1.2323600000000001
EUR/USD,20180305 05:20:39.625,1.23225,1.23231
EUR/USD,20180305 05:25:43.628,1.2323,1.23233
EUR/USD,20180305 05:30:44.053,1.23183,1.23186
EUR/USD,20180305 05:35:44.662,1.23206,1.23211
EUR/USD,20180305 05:40:49.210,1.232,1.23205
EUR/USD,20180305 05:45:49.223,1.23146,1.2315
EUR/USD,20180305 05:50:53.192,1.23159,1.2316200000000002
EUR/USD,20180305 05:55:53.261,1.23191,1.23195
EUR/USD,20180305 06:01:00.147,1.23177,1.2318200000000001
EUR/USD,20180305 06:06:00.885,1.2319,1.23193
EUR/USD,20180305 06:11:07.897,1.23179,1.2318200000000001
EUR/USD,20180305 06:16:11.754,1.23159,1.23164
EUR/USD,20180305 06:21:12.604,1.2314200000000002,1.23145
EUR/USD,20180305 06:26:12.623,1.2312299999999998,1.23128
EUR/USD,20180305 06:31:14.703,1.23095,1.23099
EUR/USD,20180305 06:36:15.725,1.2302899999999999,1.23032
EUR/USD,20180305 06:41:15.864,1.22936,1.22938
EUR/USD,20180305 06:46:15.997,1.22902,1.22907
EUR/USD,20180305 06:51:30.494,1.22892,1.22895
EUR/USD,20180305 06:56:36.490,1.2291299999999998,1.22915
EUR/USD,20180305 07:01:36.998,1.2294200000000002,1.22945
EUR/USD,20180305 07:06:37.760,1.22959,1.22963
EUR/USD,20180305 07:11:38.037,1.2283899999999999,1.22844
EUR/USD,20180305 07:16:38.162,1.2272399999999999,1.22728
EUR/USD,20180305 07:21:38.216,1.22806,1.22807
EUR/USD,20180305 07:26:38.638,1.22811,1.22814
EUR/USD,20180305 07:31:42.119,1.22819,1.22824
EUR/USD,20180305 07:36:43.404,1.2289,1.2289299999999999
EUR/USD,20180305 07:41:44.178,1.2288299999999999,1.22886
EUR/USD,20180305 07:46:44.271,1.22899,1.22902
EUR/USD,20180305 07:51:45.851,1.22895,1.22899
EUR/USD,20180305 07:56:46.123,1.22861,1.22865
EUR/USD,20180305 08:01:46.310,1.22917,1.2292100000000001
EUR/USD,20180305 08:06:46.332,1.2301799999999998,1.23022
EUR/USD,20180305 08:11:50.709,1.2300200000000001,1.23006
EUR/USD,20180305 08:16:50.779,1.22932,1.22936
EUR/USD,20180305 08:21:52.400,1.2305,1.23053
EUR/USD,20180305 08:26:52.888,1.2308700000000001,1.2309
EUR/USD,20180305 08:31:53.171,1.2308,1.2308299999999999
EUR/USD,20180305 08:36:55.636,1.23089,1.2309299999999999
EUR/USD,20180305 08:41:57.625,1.2307,1.2307299999999999
EUR/USD,20180305 08:46:59.983,1.2311,1.2311299999999998
EUR/USD,20180305 08:52:00.066,1.23231,1.23235
EUR/USD,20180305 08:57:01.000,1.23269,1.23271
EUR/USD,20180305 09:02:02.165,1.23246,1.2325
EUR/USD,20180305 09:07:02.408,1.23308,1.23311
EUR/USD,20180305 09:12:02.413,1.23265,1.23269
EUR/USD,20180305 09:17:02.561,1.23292,1.23296
EUR/USD,20180305 09:22:02.671,1.23243,1.23248
EUR/USD,20180305 09:27:05.407,1.23269,1.23274
EUR/USD,20180305 09:32:05.416,1.23201,1.23206
EUR/USD,20180305 09:37:05.684,1.23127,1.2313
EUR/USD,20180305 09:42:06.505,1.2317200000000001,1.23174
EUR/USD,20180305 09:47:06.505,1.23186,1.2319
EUR/USD,20180305 09:52:08.744,1.23207,1.23211
EUR/USD,20180305 09:57:09.999,1.23197,1.23201
EUR/USD,20180305 10:02:10.747,1.23196,1.23199
EUR/USD,20180305 10:07:10.854,1.23199,1.23203
EUR/USD,20180305 10:12:10.945,1.232,1.23203
EUR/USD,20180305 10:17:12.166,1.23206,1.23209
EUR/USD,20180305 10:22:20.888,1.23159,1.23165
EUR/USD,20180305 10:27:21.249,1.2326700000000002,1.23271
EUR/USD,20180305 10:32:22.001,1.23308,1.23312
EUR/USD,20180305 10:37:23.124,1.2324899999999999,1.23253
EUR/USD,20180305 10:42:28.187,1.23254,1.2325700000000002
EUR/USD,20180305 10:47:30.482,1.23193,1.23195
EUR/USD,20180305 10:52:31.637,1.23146,1.23149
EUR/USD,20180305 10:57:31.665,1.23091,1.23095
EUR/USD,20180305 11:02:31.980,1.2313100000000001,1.23135
EUR/USD,20180305 11:07:32.398,1.23128,1.2313100000000001
EUR/USD,20180305 11:12:32.755,1.23065,1.2306700000000002
EUR/USD,20180305 11:17:33.073,1.2308,1.23082
EUR/USD,20180305 11:22:36.685,1.23118,1.2312299999999998
EUR/USD,20180305 11:27:36.807,1.23086,1.23089
EUR/USD,20180305 11:32:37.368,1.23041,1.23045
EUR/USD,20180305 11:37:37.400,1.23007,1.23009
EUR/USD,20180305 11:42:37.930,1.2296799999999999,1.2297
EUR/USD,20180305 11:47:37.988,1.23009,1.23011
EUR/USD,20180305 11:52:38.006,1.22987,1.22991
EUR/USD,20180305 11:57:39.209,1.22985,1.22987
EUR/USD,20180305 12:02:40.117,1.2299799999999999,1.23
EUR/USD,20180305 12:07:40.206,1.2302600000000001,1.2302799999999998
EUR/USD,20180305 12:12:40.216,1.2299,1.22993
EUR/USD,20180305 12:17:43.685,1.23038,1.23042
EUR/USD,20180305 12:22:44.871,1.22979,1.22983
EUR/USD,20180305 12:27:45.081,1.22916,1.2292
EUR/USD,20180305 12:32:45.605,1.22895,1.22899
EUR/USD,20180305 12:37:45.708,1.22967,1.22971
EUR/USD,20180305 12:42:46.280,1.22983,1.22985
EUR/USD,20180305 12:47:48.070,1.23015,1.2301799999999998
EUR/USD,20180305 12:52:48.152,1.23041,1.23043
EUR/USD,20180305 12:57:48.377,1.22994,1.2299799999999999
EUR/USD,20180305 13:02:48.511,1.2296,1.22964
EUR/USD,20180305 13:07:50.061,1.23011,1.23014
EUR/USD,20180305 13:12:50.073,1.23061,1.23064
EUR/USD,20180305 13:17:50.276,1.2307700000000001,1.2308
EUR/USD,20180305 13:22:50.396,1.23084,1.23085
EUR/USD,20180305 13:27:51.024,1.23118,1.2312
EUR/USD,20180305 13:32:53.614,1.23074,1.23076
EUR/USD,20180305 13:37:56.506,1.23056,1.23059
EUR/USD,20180305 13:42:59.289,1.2308,1.23084
EUR/USD,20180305 13:47:59.901,1.23054,1.23058
EUR/USD,20180305 13:52:59.930,1.23078,1.2308
EUR/USD,20180305 13:58:02.147,1.2309700000000001,1.2309999999999999
EUR/USD,20180305 14:03:04.877,1.23065,1.2306700000000002
EUR/USD,20180305 14:08:04.892,1.2304,1.23044
EUR/USD,20180305 14:13:05.538,1.23041,1.23044
EUR/USD,20180305 14:18:07.239,1.23079,1.23082
EUR/USD,20180305 14:23:07.383,1.23147,1.23151
EUR/USD,20180305 14:28:08.761,1.23194,1.23196
EUR/USD,20180305 14:33:08.797,1.2314399999999999,1.23145
EUR/USD,20180305 14:38:09.659,1.23078,1.23082
EUR/USD,20180305 14:43:09.702,1.23075,1.2307700000000001
EUR/USD,20180305 14:48:09.866,1.23124,1.23127
EUR/USD,20180305 14:53:10.173,1.23185,1.23187
EUR/USD,20180305 14:58:10.544,1.2319,1.23193
EUR/USD,20180305 15:03:10.678,1.23254,1.23258
EUR/USD,20180305 15:08:10.723,1.23204,1.23207
EUR/USD,20180305 15:13:13.618,1.23149,1.2315200000000002
EUR/USD,20180305 15:18:15.448,1.23133,1.23135
EUR/USD,20180305 15:23:21.976,1.23166,1.23171
EUR/USD,20180305 15:28:22.447,1.2314399999999999,1.23147
EUR/USD,20180305 15:33:22.691,1.23173,1.23175
EUR/USD,20180305 15:38:23.359,1.2313,1.23133
EUR/USD,20180305 15:43:23.697,1.23219,1.23221
EUR/USD,20180305 15:48:24.871,1.23245,1.2324700000000002
EUR/USD,20180305 15:53:25.811,1.23245,1.2324899999999999
EUR/USD,20180305 15:58:26.935,1.2325700000000002,1.23259
EUR/USD,20180305 16:03:27.035,1.23225,1.2322799999999998
EUR/USD,20180305 16:08:27.273,1.23227,1.2323
EUR/USD,20180305 16:13:28.818,1.2329700000000001,1.2329999999999999
EUR/USD,20180305 16:18:29.280,1.2328299999999999,1.2328700000000001
EUR/USD,20180305 16:23:29.368,1.23337,1.2334
EUR/USD,20180305 16:28:29.567,1.23479,1.23482
EUR/USD,20180305 16:33:31.848,1.23415,1.2341799999999998
EUR/USD,20180305 16:38:34.440,1.23374,1.23377
EUR/USD,20180305 16:43:39.256,1.23343,1.23347
EUR/USD,20180305 16:48:40.477,1.23374,1.2337799999999999
EUR/USD,20180305 16:53:41.188,1.2334,1.2334399999999999
EUR/USD,20180305 16:58:41.189,1.23306,1.23309
EUR/USD,20180305 17:03:51.902,1.23302,1.23308
EUR/USD,20180305 17:08:52.661,1.23279,1.2328299999999999
EUR/USD,20180305 17:13:53.157,1.23262,1.23266
EUR/USD,20180305 17:18:54.386,1.23289,1.23292
EUR/USD,20180305 17:23:55.738,1.23387,1.2339
EUR/USD,20180305 17:28:57.220,1.23288,1.23292
EUR/USD,20180305 17:33:58.240,1.23282,1.23285
EUR/USD,20180305 17:39:00.851,1.23271,1.23275
EUR/USD,20180305 17:44:01.982,1.23262,1.23265
EUR/USD,20180305 17:49:07.986,1.23281,1.2328299999999999
EUR/USD,20180305 17:54:09.909,1.23291,1.23292
EUR/USD,20180305 17:59:10.003,1.23315,1.23319
EUR/USD,20180305 18:04:19.018,1.2334200000000002,1.23347
EUR/USD,20180305 18:09:22.747,1.2331299999999998,1.23317
EUR/USD,20180305 18:14:22.748,1.23288,1.2329
EUR/USD,20180305 18:19:24.843,1.2326700000000002,1.2327
EUR/USD,20180305 18:24:26.341,1.23282,1.23285
EUR/USD,20180305 18:29:28.145,1.2325,1.23253
EUR/USD,20180305 18:34:28.244,1.23225,1.2322799999999998
EUR/USD,20180305 18:39:28.610,1.23298,1.23301
EUR/USD,20180305 18:44:34.225,1.23304,1.23307
EUR/USD,20180305 18:49:34.871,1.23309,1.23311
EUR/USD,20180305 18:54:37.000,1.2328,1.2328299999999999
EUR/USD,20180305 18:59:40.285,1.23259,1.23262
EUR/USD,20180305 19:04:42.540,1.23231,1.23233
EUR/USD,20180305 19:09:42.720,1.23264,1.2326700000000002
EUR/USD,20180305 19:14:45.132,1.23296,1.23302
EUR/USD,20180305 19:19:46.670,1.2328,1.2328299999999999
EUR/USD,20180305 19:24:47.165,1.23302,1.23306
EUR/USD,20180305 19:29:48.113,1.23327,1.2333
EUR/USD,20180305 19:34:51.635,1.23289,1.23292
EUR/USD,20180305 19:39:55.661,1.23266,1.23269
EUR/USD,20180305 19:44:56.416,1.23264,1.2326700000000002
EUR/USD,20180305 19:49:57.394,1.2322799999999998,1.2323
EUR/USD,20180305 19:54:58.395,1.23261,1.23265
EUR/USD,20180305 19:59:58.428,1.23248,1.23252
EUR/USD,20180305 20:05:00.329,1.23274,1.23279
EUR/USD,20180305 20:10:00.375,1.23253,1.23254
EUR/USD,20180305 20:15:01.420,1.23252,1.2325700000000002
EUR/USD,20180305 20:20:01.922,1.23232,1.2323600000000001
EUR/USD,20180305 20:25:02.902,1.2325700000000002,1.2326
EUR/USD,20180305 20:30:02.998,1.23264,1.23268
EUR/USD,20180305 20:35:03.154,1.23274,1.2327700000000001
EUR/USD,20180305 20:40:04.536,1.23288,1.23292
EUR/USD,20180305 20:45:04.691,1.23295,1.23298
EUR/USD,20180305 20:50:08.315,1.23314,1.23317
EUR/USD,20180305 20:55:11.292,1.23336,1.2334
EUR/USD,20180305 21:00:11.996,1.23349,1.23353
EUR/USD,20180305 21:05:13.961,1.23337,1.2334100000000001
EUR/USD,20180305 21:10:15.351,1.23338,1.23343
EUR/USD,20180305 21:15:15.973,1.23348,1.2335200000000002
EUR/USD,20180305 21:20:17.983,1.2335,1.2335399999999999
EUR/USD,20180305 21:25:23.278,1.23351,1.23353
EUR/USD,20180305 21:30:28.643,1.2334100000000001,1.23346
EUR/USD,20180305 21:35:28.993,1.2334200000000002,1.23348
EUR/USD,20180305 21:40:35.422,1.2335399999999999,1.23359
EUR/USD,20180305 21:45:36.964,1.23367,1.23373
EUR/USD,20180305 21:50:37.902,1.23346,1.2335200000000002
EUR/USD,20180305 21:55:46.775,1.2334399999999999,1.23349
EUR/USD,20180305 22:00:48.866,1.2334200000000002,1.23374
EUR/USD,20180305 22:05:50.015,1.23355,1.23363
EUR/USD,20180305 22:10:50.721,1.23364,1.23393
EUR/USD,20180305 22:16:01.019,1.23349,1.23375
EUR/USD,20180305 22:21:46.829,1.23347,1.2337
EUR/USD,20180305 22:26:56.639,1.2335,1.2337200000000001
EUR/USD,20180305 22:31:56.894,1.23356,1.2336200000000002
EUR/USD,20180305 22:36:58.513,1.23335,1.2334399999999999
EUR/USD,20180305 22:41:59.333,1.23338,1.23346
EUR/USD,20180305 22:47:18.397,1.2333100000000001,1.23351
EUR/USD,20180305 22:52:22.567,1.23335,1.23343
EUR/USD,20180305 22:57:30.665,1.2334,1.23349
EUR/USD,20180305 23:02:36.838,1.2334399999999999,1.2335
EUR/USD,20180305 23:07:46.874,1.2336799999999999,1.23381
EUR/USD,20180305 23:12:47.035,1.23379,1.23384
EUR/USD,20180305 23:17:48.594,1.23377,1.23384
EUR/USD,20180305 23:22:55.026,1.23346,1.2335
EUR/USD,20180305 23:27:55.229,1.23349,1.2335399999999999
EUR/USD,20180305 23:32:58.714,1.23383,1.2338799999999999
EUR/USD,20180305 23:38:05.675,1.23389,1.23395
EUR/USD,20180305 23:43:10.763,1.2339,1.23395
EUR/USD,20180305 23:48:12.285,1.23371,1.23375
EUR/USD,20180305 23:53:20.432,1.23361,1.23366
EUR/USD,20180305 23:58:32.549,1.23361,1.23366
EUR/USD,20180306 00:03:35.252,1.2336,1.23363
EUR/USD,20180306 00:08:36.274,1.23371,1.23373
EUR/USD,20180306 00:13:37.702,1.2336799999999999,1.23371
EUR/USD,20180306 00:18:38.440,1.23379,1.23384
EUR/USD,20180306 00:23:39.930,1.23441,1.2344600000000001
EUR/USD,20180306 00:28:41.000,1.2346700000000002,1.2347
EUR/USD,20180306 00:33:45.151,1.23482,1.2348700000000001
EUR/USD,20180306 00:38:45.179,1.23494,1.23499
EUR/USD,20180306 00:43:46.813,1.23471,1.23474
EUR/USD,20180306 00:48:54.755,1.2348700000000001,1.2349
EUR/USD,20180306 00:54:02.078,1.23481,1.23484
EUR/USD,20180306 00:59:02.300,1.23491,1.23495
EUR/USD,20180306 01:04:02.411,1.23565,1.23567
EUR/USD,20180306 01:09:03.407,1.23536,1.2354100000000001
EUR/USD,20180306 01:14:05.989,1.23536,1.2354
EUR/USD,20180306 01:19:08.610,1.23567,1.23573
EUR/USD,20180306 01:24:09.995,1.23561,1.23564
EUR/USD,20180306 01:29:10.265,1.23568,1.2357
EUR/USD,20180306 01:34:13.188,1.2361,1.23613
EUR/USD,20180306 01:39:13.564,1.23627,1.23629
EUR/USD,20180306 01:44:14.013,1.23585,1.2359
EUR/USD,20180306 01:49:17.041,1.2358200000000001,1.23587
EUR/USD,20180306 01:54:21.368,1.23586,1.2359
EUR/USD,20180306 01:59:26.169,1.23566,1.23571
EUR/USD,20180306 02:04:30.859,1.23586,1.23591
EUR/USD,20180306 02:09:35.998,1.2359200000000001,1.23595
EUR/USD,20180306 02:14:38.203,1.23556,1.23557
EUR/USD,20180306 02:19:41.250,1.23529,1.2353299999999998
EUR/USD,20180306 02:24:45.287,1.23529,1.23535
EUR/USD,20180306 02:29:47.703,1.23526,1.2353
EUR/USD,20180306 02:34:48.540,1.23516,1.23519
EUR/USD,20180306 02:39:51.908,1.23509,1.23512
EUR/USD,20180306 02:44:59.100,1.23494,1.23498
EUR/USD,20180306 02:50:15.815,1.2351,1.23515
EUR/USD,20180306 02:55:18.088,1.23494,1.2349700000000001
EUR/USD,20180306 03:00:19.713,1.23504,1.23509
EUR/USD,20180306 03:05:27.850,1.2348700000000001,1.23491
EUR/USD,20180306 03:10:29.275,1.23511,1.23514
EUR/USD,20180306 03:15:34.843,1.2354,1.2354399999999999
EUR/USD,20180306 03:20:41.592,1.23517,1.2352100000000001
EUR/USD,20180306 03:25:44.759,1.2351,1.23514
EUR/USD,20180306 03:30:46.949,1.23496,1.23499
EUR/USD,20180306 03:35:53.254,1.23501,1.23505
EUR/USD,20180306 03:40:54.101,1.2349700000000001,1.23499
EUR/USD,20180306 03:45:58.245,1.2351,1.23514
EUR/USD,20180306 03:50:59.280,1.23505,1.2351
EUR/USD,20180306 03:56:00.855,1.23485,1.23491
EUR/USD,20180306 04:01:03.573,1.2349700000000001,1.235
EUR/USD,20180306 04:06:08.748,1.23489,1.23492
EUR/USD,20180306 04:11:13.699,1.23479,1.23482
EUR/USD,20180306 04:16:18.643,1.23485,1.2348700000000001
EUR/USD,20180306 04:21:23.181,1.23489,1.2349299999999999
EUR/USD,20180306 04:26:23.181,1.23504,1.23505
EUR/USD,20180306 04:31:33.775,1.23495,1.23499
EUR/USD,20180306 04:36:35.739,1.23489,1.23494
EUR/USD,20180306 04:41:36.037,1.23489,1.23494
EUR/USD,20180306 04:46:41.697,1.23476,1.23478
EUR/USD,20180306 04:51:41.730,1.23488,1.2349
EUR/USD,20180306 04:56:42.957,1.23484,1.23489
EUR/USD,20180306 05:01:43.677,1.2347,1.23474
EUR/USD,20180306 05:06:43.742,1.2346,1.23463
EUR/USD,20180306 05:11:44.498,1.23468,1.23472
EUR/USD,20180306 05:16:45.308,1.2345899999999999,1.23461
EUR/USD,20180306 05:21:52.746,1.23461,1.23466
EUR/USD,20180306 05:26:53.254,1.23454,1.23458
EUR/USD,20180306 05:31:53.295,1.23444,1.2344700000000002
EUR/USD,20180306 05:36:53.745,1.23461,1.23463
EUR/USD,20180306 05:41:57.757,1.23476,1.23479
EUR/USD,20180306 05:47:00.851,1.23511,1.23514
EUR/USD,20180306 05:52:11.537,1.23502,1.23505
EUR/USD,20180306 05:57:14.653,1.23509,1.23514
EUR/USD,20180306 06:02:15.316,1.235,1.23504
EUR/USD,20180306 06:07:16.001,1.2349700000000001,1.23501
EUR/USD,20180306 06:12:16.763,1.2351,1.2351299999999998
EUR/USD,20180306 06:17:17.805,1.23517,1.2352
EUR/USD,20180306 06:22:21.803,1.23536,1.23539
EUR/USD,20180306 06:27:27.059,1.23535,1.23539
EUR/USD,20180306 06:32:27.231,1.2344899999999999,1.23453
EUR/USD,20180306 06:37:28.251,1.2342600000000001,1.2342899999999999
EUR/USD,20180306 06:42:36.972,1.23413,1.2341799999999998
EUR/USD,20180306 06:47:37.140,1.23395,1.2339799999999999
EUR/USD,20180306 06:52:37.599,1.23361,1.23364
EUR/USD,20180306 06:57:39.767,1.2339200000000001,1.23395
EUR/USD,20180306 07:02:41.504,1.23417,1.23421
EUR/USD,20180306 07:07:41.948,1.23397,1.234
EUR/USD,20180306 07:12:41.999,1.2338,1.23384
EUR/USD,20180306 07:17:43.990,1.23381,1.23385
EUR/USD,20180306 07:22:47.878,1.2342799999999998,1.2343
EUR/USD,20180306 07:27:47.943,1.23381,1.23384
EUR/USD,20180306 07:32:48.763,1.23431,1.23432
EUR/USD,20180306 07:37:52.041,1.23471,1.23475
EUR/USD,20180306 07:42:52.635,1.23443,1.2344600000000001
EUR/USD,20180306 07:47:53.750,1.23387,1.23391
EUR/USD,20180306 07:52:55.274,1.23357,1.23361
EUR/USD,20180306 07:57:56.569,1.23338,1.2334100000000001
EUR/USD,20180306 08:02:57.293,1.2332100000000001,1.23326
EUR/USD,20180306 08:07:59.647,1.23356,1.23361
EUR/USD,20180306 08:13:00.282,1.2335200000000002,1.23355
EUR/USD,20180306 08:18:00.524,1.23397,1.234
EUR/USD,20180306 08:23:00.546,1.2342899999999999,1.23432
EUR/USD,20180306 08:28:07.598,1.23422,1.2342600000000001
EUR/USD,20180306 08:33:08.660,1.2342799999999998,1.23431
EUR/USD,20180306 08:38:08.677,1.23387,1.23391
EUR/USD,20180306 08:43:09.608,1.2337200000000001,1.23374
EUR/USD,20180306 08:48:10.141,1.2342,1.23424
EUR/USD,20180306 08:53:11.334,1.23377,1.23381
EUR/USD,20180306 08:58:13.221,1.23417,1.23421
EUR/USD,20180306 09:03:14.017,1.23403,1.23406
EUR/USD,20180306 09:08:14.400,1.23405,1.23409
EUR/USD,20180306 09:13:15.575,1.2342,1.23422
EUR/USD,20180306 09:18:16.964,1.23423,1.23425
EUR/USD,20180306 09:23:18.002,1.23413,1.23415
EUR/USD,20180306 09:28:18.186,1.23376,1.23379
EUR/USD,20180306 09:33:24.440,1.23347,1.2335200000000002
EUR/USD,20180306 09:38:25.084,1.23375,1.2338200000000001
EUR/USD,20180306 09:43:25.128,1.23393,1.23396
EUR/USD,20180306 09:48:26.706,1.23404,1.23409
EUR/USD,20180306 09:53:27.087,1.2339799999999999,1.23399
EUR/USD,20180306 09:58:27.491,1.23419,1.2342
EUR/USD,20180306 10:03:28.504,1.23425,1.2343
EUR/USD,20180306 10:08:28.504,1.23389,1.2339200000000001
EUR/USD,20180306 10:13:36.964,1.23401,1.23405
EUR/USD,20180306 10:18:39.834,1.23412,1.2341600000000001
EUR/USD,20180306 10:23:44.789,1.23377,1.23379
EUR/USD,20180306 10:28:45.252,1.23396,1.234
EUR/USD,20180306 10:33:46.770,1.23391,1.23396
EUR/USD,20180306 10:38:50.057,1.23358,1.23361
EUR/USD,20180306 10:43:51.381,1.23431,1.2343600000000001
EUR/USD,20180306 10:48:51.425,1.23444,1.23448
EUR/USD,20180306 10:53:51.532,1.23491,1.23495
EUR/USD,20180306 10:58:53.142,1.23456,1.2345899999999999
EUR/USD,20180306 11:03:56.683,1.23482,1.23485
EUR/USD,20180306 11:09:00.393,1.2344700000000002,1.23451
EUR/USD,20180306 11:14:00.467,1.2349299999999999,1.2349700000000001
EUR/USD,20180306 11:19:02.622,1.23462,1.23465
EUR/USD,20180306 11:24:03.162,1.23681,1.23684
EUR/USD,20180306 11:29:03.207,1.23779,1.2378200000000001
EUR/USD,20180306 11:34:03.209,1.23862,1.2386700000000002
EUR/USD,20180306 11:39:03.275,1.23825,1.23829
EUR/USD,20180306 11:44:04.641,1.23858,1.23861
EUR/USD,20180306 11:49:04.786,1.2389,1.23896
EUR/USD,20180306 11:54:05.137,1.2387,1.23872
EUR/USD,20180306 11:59:05.885,1.2397799999999999,1.23981
EUR/USD,20180306 12:04:05.924,1.23932,1.23936
EUR/USD,20180306 12:09:07.023,1.23977,1.23981
EUR/USD,20180306 12:14:09.605,1.23981,1.23986
EUR/USD,20180306 12:19:09.640,1.23983,1.23986
EUR/USD,20180306 12:24:11.772,1.2395200000000002,1.23953
EUR/USD,20180306 12:29:13.070,1.23974,1.2397799999999999
EUR/USD,20180306 12:34:14.592,1.23959,1.23961
EUR/USD,20180306 12:39:14.778,1.23971,1.23973
EUR/USD,20180306 12:44:15.059,1.24006,1.2400799999999998
EUR/USD,20180306 12:49:15.342,1.24066,1.2407
EUR/USD,20180306 12:54:17.456,1.24117,1.2412
EUR/USD,20180306 12:59:17.458,1.24072,1.24076
EUR/USD,20180306 13:04:18.199,1.24096,1.24099
EUR/USD,20180306 13:09:18.307,1.2409,1.24092
EUR/USD,20180306 13:14:18.363,1.24094,1.24098
EUR/USD,20180306 13:19:18.407,1.24029,1.24032
EUR/USD,20180306 13:24:19.658,1.24034,1.24037
EUR/USD,20180306 13:29:20.138,1.24,1.24004
EUR/USD,20180306 13:34:21.593,1.23995,1.2399799999999999
EUR/USD,20180306 13:39:22.705,1.23979,1.23981
EUR/USD,20180306 13:44:24.523,1.23983,1.2398799999999999
EUR/USD,20180306 13:49:30.039,1.23994,1.24
EUR/USD,20180306 13:54:30.090,1.24051,1.24054
EUR/USD,20180306 13:59:30.199,1.2407700000000002,1.2408
EUR/USD,20180306 14:04:30.777,1.24066,1.2407
EUR/USD,20180306 14:09:31.355,1.24078,1.24081
EUR/USD,20180306 14:14:31.538,1.24094,1.24096
EUR/USD,20180306 14:19:32.004,1.24062,1.24065
EUR/USD,20180306 14:24:32.056,1.24004,1.24007
EUR/USD,20180306 14:29:32.536,1.23892,1.23894
EUR/USD,20180306 14:34:34.564,1.2392,1.23922
EUR/USD,20180306 14:39:35.779,1.23884,1.2388700000000001
EUR/USD,20180306 14:44:37.347,1.2394399999999999,1.2394399999999999
EUR/USD,20180306 14:49:37.367,1.23895,1.23899
EUR/USD,20180306 14:54:38.675,1.23929,1.23932
EUR/USD,20180306 14:59:39.256,1.23959,1.2396200000000002
EUR/USD,20180306 15:04:39.374,1.24014,1.24016
EUR/USD,20180306 15:09:42.639,1.2399799999999999,1.24001
EUR/USD,20180306 15:14:43.155,1.2403,1.24033
EUR/USD,20180306 15:19:43.186,1.2407,1.24074
EUR/USD,20180306 15:24:44.397,1.24033,1.24035
EUR/USD,20180306 15:29:44.417,1.23987,1.2398799999999999
EUR/USD,20180306 15:34:44.599,1.23963,1.23967
EUR/USD,20180306 15:39:44.720,1.23984,1.23987
EUR/USD,20180306 15:44:44.914,1.2398200000000001,1.23985
EUR/USD,20180306 15:49:45.252,1.23995,1.23999
EUR/USD,20180306 15:54:45.253,1.2396200000000002,1.23966
EUR/USD,20180306 15:59:45.368,1.23958,1.23961
EUR/USD,20180306 16:04:45.676,1.24071,1.2407299999999999
EUR/USD,20180306 16:09:46.121,1.24195,1.2419799999999999
EUR/USD,20180306 16:14:46.137,1.24171,1.24175
EUR/USD,20180306 16:19:46.602,1.2417,1.24171
EUR/USD,20180306 16:24:46.645,1.24125,1.24127
EUR/USD,20180306 16:29:47.975,1.2411,1.2411299999999998
EUR/USD,20180306 16:34:49.867,1.24072,1.24075
EUR/USD,20180306 16:39:50.062,1.24074,1.24078
EUR/USD,20180306 16:44:52.864,1.2412,1.2412299999999998
EUR/USD,20180306 16:49:54.067,1.2413,1.2413399999999999
EUR/USD,20180306 16:54:55.285,1.2410700000000001,1.2411
EUR/USD,20180306 16:59:56.426,1.24166,1.24169
EUR/USD,20180306 17:05:02.593,1.24126,1.2413100000000001
EUR/USD,20180306 17:10:04.290,1.24088,1.24092
EUR/USD,20180306 17:15:05.094,1.2403,1.24032
EUR/USD,20180306 17:20:07.718,1.24009,1.24011
EUR/USD,20180306 17:25:08.141,1.2403600000000001,1.2403899999999999
EUR/USD,20180306 17:30:09.045,1.24033,1.2403600000000001
EUR/USD,20180306 17:35:09.469,1.24058,1.24061
EUR/USD,20180306 17:40:10.552,1.24038,1.24041
EUR/USD,20180306 17:45:10.574,1.24004,1.24007
EUR/USD,20180306 17:50:12.059,1.2404,1.24044
EUR/USD,20180306 17:55:14.837,1.2401799999999998,1.2402
EUR/USD,20180306 18:00:16.622,1.23925,1.2393
EUR/USD,20180306 18:05:17.601,1.23977,1.23981
EUR/USD,20180306 18:10:18.581,1.23948,1.23953
EUR/USD,20180306 18:15:19.092,1.23953,1.23957
EUR/USD,20180306 18:20:22.437,1.23999,1.24003
EUR/USD,20180306 18:25:22.616,1.23985,1.2398799999999999
EUR/USD,20180306 18:30:23.375,1.24014,1.24016
EUR/USD,20180306 18:35:37.646,1.23986,1.2399
EUR/USD,20180306 18:40:40.280,1.23991,1.23996
EUR/USD,20180306 18:45:40.683,1.24042,1.2404600000000001
EUR/USD,20180306 18:50:41.387,1.24074,1.24079
EUR/USD,20180306 18:55:43.505,1.24078,1.24082
EUR/USD,20180306 19:00:46.572,1.2408700000000001,1.24092
EUR/USD,20180306 19:05:46.612,1.24082,1.24085
EUR/USD,20180306 19:10:47.629,1.24101,1.24105
EUR/USD,20180306 19:15:49.189,1.2411,1.24112
EUR/USD,20180306 19:20:49.736,1.24098,1.24102
EUR/USD,20180306 19:25:53.281,1.24075,1.2407700000000002
EUR/USD,20180306 19:30:54.777,1.2408299999999999,1.2408700000000001
EUR/USD,20180306 19:35:56.388,1.2408299999999999,1.24086
EUR/USD,20180306 19:40:59.302,1.2406700000000002,1.24068
EUR/USD,20180306 19:46:00.164,1.24071,1.24074
EUR/USD,20180306 19:51:01.262,1.2405700000000002,1.2406
EUR/USD,20180306 19:56:01.901,1.24054,1.2405700000000002
EUR/USD,20180306 20:01:09.657,1.24044,1.24048
EUR/USD,20180306 20:06:10.585,1.24033,1.24037
EUR/USD,20180306 20:11:10.616,1.2399799999999999,1.24001
EUR/USD,20180306 20:16:10.762,1.2402,1.24023
EUR/USD,20180306 20:21:15.372,1.2401799999999998,1.24022
EUR/USD,20180306 20:26:17.062,1.24024,1.24027
EUR/USD,20180306 20:31:17.126,1.24034,1.24037
EUR/USD,20180306 20:36:18.858,1.24014,1.24017
EUR/USD,20180306 20:41:22.976,1.24031,1.24033
EUR/USD,20180306 20:46:25.644,1.24051,1.24056
EUR/USD,20180306 20:51:30.010,1.2405899999999999,1.24063
EUR/USD,20180306 20:56:30.085,1.24037,1.24041
EUR/USD,20180306 21:01:30.146,1.24045,1.2404700000000002
EUR/USD,20180306 21:06:36.068,1.24033,1.2404
EUR/USD,20180306 21:11:53.789,1.24074,1.24079
EUR/USD,20180306 21:17:00.213,1.24078,1.24082
EUR/USD,20180306 21:22:01.266,1.24064,1.24068
EUR/USD,20180306 21:27:03.379,1.2405899999999999,1.24062
EUR/USD,20180306 21:32:07.966,1.24065,1.24068
EUR/USD,20180306 21:37:15.656,1.24062,1.24066
EUR/USD,20180306 21:42:37.612,1.2407700000000002,1.2408
EUR/USD,20180306 21:47:40.570,1.24076,1.2408
EUR/USD,20180306 21:52:41.017,1.24054,1.2406
EUR/USD,20180306 21:57:47.357,1.2404899999999999,1.24054
EUR/USD,20180306 22:03:23.194,1.24062,1.24085
EUR/USD,20180306 22:08:26.821,1.2407299999999999,1.24095
EUR/USD,20180306 22:13:28.472,1.24076,1.24094
EUR/USD,20180306 22:18:32.405,1.24066,1.24094
EUR/USD,20180306 22:23:32.774,1.24062,1.2407700000000002
EUR/USD,20180306 22:28:46.928,1.2406,1.2408299999999999
EUR/USD,20180306 22:33:47.776,1.24126,1.2415200000000002
EUR/USD,20180306 22:38:47.861,1.24139,1.24166
EUR/USD,20180306 22:43:50.437,1.2415100000000001,1.2417799999999999
EUR/USD,20180306 22:48:50.789,1.24163,1.2419200000000001
EUR/USD,20180306 22:53:50.844,1.24215,1.2422600000000001
EUR/USD,20180306 22:58:50.913,1.2421200000000001,1.24215
EUR/USD,20180306 23:03:52.652,1.24272,1.24278
EUR/USD,20180306 23:08:52.865,1.24244,1.24247
EUR/USD,20180306 23:13:53.502,1.2422,1.24223
EUR/USD,20180306 23:18:53.843,1.24194,1.24197
EUR/USD,20180306 23:23:54.078,1.2414,1.2414399999999999
EUR/USD,20180306 23:28:56.305,1.24174,1.2417799999999999
EUR/USD,20180306 23:33:57.155,1.2417200000000002,1.24175
EUR/USD,20180306 23:38:59.295,1.2417,1.24176
EUR/USD,20180306 23:43:59.781,1.2418,1.24183
EUR/USD,20180306 23:49:07.942,1.24149,1.24153
EUR/USD,20180306 23:54:17.388,1.24135,1.2414
EUR/USD,20180306 23:59:22.669,1.24155,1.2416
EUR/USD,20180307 00:04:25.676,1.24229,1.24232
EUR/USD,20180307 00:09:26.126,1.24209,1.2421
EUR/USD,20180307 00:14:29.028,1.24179,1.2418200000000001
EUR/USD,20180307 00:19:30.526,1.24177,1.24181
EUR/USD,20180307 00:24:30.710,1.24193,1.24197
EUR/USD,20180307 00:29:33.060,1.24193,1.24197
EUR/USD,20180307 00:34:33.821,1.24197,1.24199
EUR/USD,20180307 00:39:36.192,1.2420200000000001,1.24206
EUR/USD,20180307 00:44:47.676,1.24205,1.2421
EUR/USD,20180307 00:49:48.588,1.24174,1.2417799999999999
EUR/USD,20180307 00:54:50.085,1.24135,1.24139
EUR/USD,20180307 00:59:51.033,1.24168,1.24173
EUR/USD,20180307 01:04:51.178,1.24156,1.2416
EUR/USD,20180307 01:09:51.279,1.24139,1.2414100000000001
EUR/USD,20180307 01:14:51.321,1.24119,1.2412299999999998
EUR/USD,20180307 01:19:52.331,1.2412,1.24124
EUR/USD,20180307 01:24:53.116,1.24146,1.2415
EUR/USD,20180307 01:29:53.634,1.24135,1.24139
EUR/USD,20180307 01:34:58.927,1.2415100000000001,1.24155
EUR/USD,20180307 01:39:59.986,1.2414100000000001,1.24143
EUR/USD,20180307 01:45:01.325,1.2418,1.2418200000000001
EUR/USD,20180307 01:50:01.915,1.24129,1.24132
EUR/USD,20180307 01:55:02.321,1.24126,1.2413
EUR/USD,20180307 02:00:02.616,1.24139,1.2414399999999999
EUR/USD,20180307 02:05:04.323,1.24119,1.24122
EUR/USD,20180307 02:10:04.444,1.24136,1.24138
EUR/USD,20180307 02:15:05.804,1.24117,1.2412
EUR/USD,20180307 02:20:10.282,1.24129,1.2413299999999998
EUR/USD,20180307 02:25:11.325,1.24119,1.2412299999999998
EUR/USD,20180307 02:30:11.420,1.24126,1.2413
EUR/USD,20180307 02:35:11.479,1.24176,1.2417799999999999
EUR/USD,20180307 02:40:13.865,1.24155,1.24157
EUR/USD,20180307 02:45:18.943,1.24163,1.24165
EUR/USD,20180307 02:50:21.247,1.2415100000000001,1.2415100000000001
EUR/USD,20180307 02:55:21.389,1.2415100000000001,1.24153
EUR/USD,20180307 03:00:25.095,1.2416200000000002,1.24165
EUR/USD,20180307 03:05:26.607,1.2418,1.24184
EUR/USD,20180307 03:10:33.318,1.2414399999999999,1.24147
EUR/USD,20180307 03:15:33.838,1.2413399999999999,1.24138
EUR/USD,20180307 03:20:35.829,1.24153,1.24156
EUR/USD,20180307 03:25:36.359,1.24118,1.24122
EUR/USD,20180307 03:30:36.417,1.2415,1.24153
EUR/USD,20180307 03:35:36.614,1.24195,1.24199
EUR/USD,20180307 03:40:40.354,1.24179,1.24183
EUR/USD,20180307 03:45:40.757,1.24181,1.24187
EUR/USD,20180307 03:50:42.365,1.24193,1.24197
EUR/USD,20180307 03:55:43.172,1.24186,1.2419
EUR/USD,20180307 04:00:47.066,1.2418200000000001,1.24185
EUR/USD,20180307 04:05:50.735,1.2421,1.24215
EUR/USD,20180307 04:10:51.007,1.24196,1.242
EUR/USD,20180307 04:15:51.266,1.24179,1.24184
EUR/USD,20180307 04:20:53.563,1.2418200000000001,1.24185
EUR/USD,20180307 04:25:56.557,1.24177,1.2418
EUR/USD,20180307 04:30:56.846,1.2419200000000001,1.24195
EUR/USD,20180307 04:35:57.818,1.2419200000000001,1.24195
EUR/USD,20180307 04:41:00.252,1.2418200000000001,1.24186
EUR/USD,20180307 04:46:03.055,1.24169,1.2417200000000002
EUR/USD,20180307 04:51:05.168,1.2415100000000001,1.24153
EUR/USD,20180307 04:56:05.573,1.24153,1.24157
EUR/USD,20180307 05:01:08.866,1.2415399999999999,1.24156
EUR/USD,20180307 05:06:16.738,1.24175,1.2418
EUR/USD,20180307 05:11:34.937,1.24179,1.24186
EUR/USD,20180307 05:16:40.968,1.24197,1.24199
EUR/USD,20180307 05:21:41.925,1.24193,1.24196
EUR/USD,20180307 05:26:42.927,1.24185,1.24189
EUR/USD,20180307 05:31:43.200,1.24195,1.2419799999999999
EUR/USD,20180307 05:36:43.914,1.24183,1.24187
EUR/USD,20180307 05:41:43.971,1.24215,1.24219
EUR/USD,20180307 05:46:47.876,1.24201,1.24204
EUR/USD,20180307 05:51:49.488,1.24196,1.2419799999999999
EUR/USD,20180307 05:56:49.488,1.24196,1.24199
EUR/USD,20180307 06:01:51.350,1.24211,1.24214
EUR/USD,20180307 06:06:51.858,1.2421,1.24215
EUR/USD,20180307 06:11:52.142,1.24255,1.2425700000000002
EUR/USD,20180307 06:16:52.380,1.24261,1.24265
EUR/USD,20180307 06:21:53.094,1.24266,1.24269
EUR/USD,20180307 06:26:55.312,1.2426700000000002,1.24271
EUR/USD,20180307 06:31:55.469,1.24301,1.24305
EUR/USD,20180307 06:36:56.042,1.24315,1.24321
EUR/USD,20180307 06:41:58.010,1.24308,1.24311
EUR/USD,20180307 06:46:58.578,1.24278,1.24282
EUR/USD,20180307 06:52:00.255,1.2428,1.24285
EUR/USD,20180307 06:57:00.572,1.24282,1.24286
EUR/USD,20180307 07:02:01.846,1.24241,1.24245
EUR/USD,20180307 07:07:03.872,1.24221,1.24225
EUR/USD,20180307 07:12:04.649,1.2426,1.24263
EUR/USD,20180307 07:17:06.530,1.24221,1.24225
EUR/USD,20180307 07:22:07.135,1.24176,1.24179
EUR/USD,20180307 07:27:10.160,1.24191,1.24194
EUR/USD,20180307 07:32:10.378,1.2415100000000001,1.24155
EUR/USD,20180307 07:37:14.054,1.2415200000000002,1.24156
EUR/USD,20180307 07:42:18.775,1.24181,1.24184
EUR/USD,20180307 07:47:22.315,1.2418200000000001,1.24184
EUR/USD,20180307 07:52:22.836,1.24135,1.24138
EUR/USD,20180307 07:57:22.971,1.2408299999999999,1.2408299999999999
EUR/USD,20180307 08:02:23.280,1.24045,1.2404899999999999
EUR/USD,20180307 08:07:23.593,1.24109,1.24112
EUR/USD,20180307 08:12:24.275,1.24137,1.2414100000000001
EUR/USD,20180307 08:17:24.517,1.24135,1.24138
EUR/USD,20180307 08:22:25.038,1.2412100000000001,1.2412299999999998
EUR/USD,20180307 08:27:25.079,1.2410299999999999,1.24105
EUR/USD,20180307 08:32:30.976,1.2409,1.24096
EUR/USD,20180307 08:37:31.085,1.24076,1.24078
EUR/USD,20180307 08:42:33.994,1.2411,1.2411299999999998
EUR/USD,20180307 08:47:35.589,1.24109,1.24112
EUR/USD,20180307 08:52:35.659,1.2408299999999999,1.24086
EUR/USD,20180307 08:57:35.689,1.2409,1.24091
EUR/USD,20180307 09:02:35.855,1.24068,1.24072
EUR/USD,20180307 09:07:43.634,1.24143,1.24147
EUR/USD,20180307 09:12:44.233,1.242,1.2420200000000001
EUR/USD,20180307 09:17:44.319,1.24189,1.2419200000000001
EUR/USD,20180307 09:22:44.484,1.24206,1.24209
EUR/USD,20180307 09:27:44.610,1.24149,1.24153
EUR/USD,20180307 09:32:46.093,1.2417,1.2417200000000002
EUR/USD,20180307 09:37:46.475,1.24265,1.2426700000000002
EUR/USD,20180307 09:42:52.084,1.24251,1.24253
EUR/USD,20180307 09:47:55.067,1.2425700000000002,1.2425899999999999
EUR/USD,20180307 09:52:55.131,1.24213,1.24216
EUR/USD,20180307 09:57:58.669,1.24252,1.24255
EUR/USD,20180307 10:02:58.787,1.24269,1.24273
EUR/USD,20180307 10:07:59.291,1.24233,1.24235
EUR/USD,20180307 10:13:00.236,1.2425,1.24252
EUR/USD,20180307 10:18:02.098,1.24284,1.24286
EUR/USD,20180307 10:23:04.621,1.2429999999999999,1.2430299999999999
EUR/USD,20180307 10:28:07.061,1.24258,1.2425899999999999
EUR/USD,20180307 10:33:11.633,1.24325,1.24328
EUR/USD,20180307 10:38:11.804,1.24365,1.24369
EUR/USD,20180307 10:43:11.898,1.24379,1.2438200000000001
EUR/USD,20180307 10:48:12.168,1.24394,1.24397
EUR/USD,20180307 10:53:13.738,1.24363,1.24366
EUR/USD,20180307 10:58:15.674,1.2434399999999999,1.24348
EUR/USD,20180307 11:03:16.539,1.2433,1.24334
EUR/USD,20180307 11:08:18.229,1.24324,1.24327
EUR/USD,20180307 11:13:21.575,1.24291,1.24295
EUR/USD,20180307 11:18:21.613,1.24309,1.24311
EUR/USD,20180307 11:23:23.551,1.24278,1.24281
EUR/USD,20180307 11:28:24.774,1.24265,1.24268
EUR/USD,20180307 11:33:25.198,1.24229,1.24231
EUR/USD,20180307 11:38:25.475,1.24247,1.24252
EUR/USD,20180307 11:43:28.351,1.2421799999999998,1.24222
EUR/USD,20180307 11:48:30.186,1.24205,1.24209
EUR/USD,20180307 11:53:32.671,1.24209,1.24211
EUR/USD,20180307 11:58:33.130,1.2412,1.2412299999999998
EUR/USD,20180307 12:03:33.211,1.2399,1.2399
EUR/USD,20180307 12:08:33.332,1.24053,1.24056
EUR/USD,20180307 12:13:38.388,1.24069,1.2407299999999999
EUR/USD,20180307 12:18:39.518,1.24086,1.2409
EUR/USD,20180307 12:23:41.891,1.24101,1.24104
EUR/USD,20180307 12:28:41.918,1.24064,1.2406700000000002
EUR/USD,20180307 12:33:42.374,1.24066,1.2407
EUR/USD,20180307 12:38:45.486,1.24108,1.2411299999999998
EUR/USD,20180307 12:43:46.338,1.24109,1.24111
EUR/USD,20180307 12:48:46.766,1.24157,1.24159
EUR/USD,20180307 12:53:48.014,1.24173,1.24177
EUR/USD,20180307 12:58:48.036,1.24137,1.24139
EUR/USD,20180307 13:03:48.112,1.24157,1.2416
EUR/USD,20180307 13:08:48.145,1.2416200000000002,1.24165
EUR/USD,20180307 13:13:51.181,1.24174,1.2417799999999999
EUR/USD,20180307 13:18:51.226,1.2409700000000001,1.2409999999999999
EUR/USD,20180307 13:23:51.238,1.24089,1.24092
EUR/USD,20180307 13:28:51.819,1.24135,1.24139
EUR/USD,20180307 13:33:51.847,1.2416399999999999,1.24167
EUR/USD,20180307 13:38:54.812,1.2422,1.24223
EUR/USD,20180307 13:43:55.629,1.24159,1.24163
EUR/USD,20180307 13:48:56.291,1.24153,1.24153
EUR/USD,20180307 13:53:59.517,1.2415399999999999,1.24158
EUR/USD,20180307 13:59:00.122,1.24136,1.24137
EUR/USD,20180307 14:04:00.947,1.24132,1.2413399999999999
EUR/USD,20180307 14:09:01.223,1.24118,1.2412100000000001
EUR/USD,20180307 14:14:02.212,1.24148,1.2415100000000001
EUR/USD,20180307 14:19:02.243,1.24186,1.24189
EUR/USD,20180307 14:24:04.124,1.2418,1.24184
EUR/USD,20180307 14:29:04.374,1.24125,1.24129
EUR/USD,20180307 14:34:04.503,1.24132,1.24135
EUR/USD,20180307 14:39:04.949,1.24163,1.24167
EUR/USD,20180307 14:44:05.098,1.2414,1.24143
EUR/USD,20180307 14:49:09.051,1.24138,1.24142
EUR/USD,20180307 14:54:09.167,1.2408700000000001,1.2409
EUR/USD,20180307 14:59:09.180,1.24109,1.24112
EUR/USD,20180307 15:04:09.332,1.24145,1.24149
EUR/USD,20180307 15:09:09.601,1.24101,1.24105
EUR/USD,20180307 15:14:09.723,1.2409700000000001,1.24099
EUR/USD,20180307 15:19:09.729,1.24086,1.2409
EUR/USD,20180307 15:24:10.188,1.2403,1.24034
EUR/USD,20180307 15:29:10.196,1.23915,1.23917
EUR/USD,20180307 15:34:11.838,1.2393399999999999,1.23936
EUR/USD,20180307 15:39:13.679,1.2397200000000002,1.23975
EUR/USD,20180307 15:44:15.339,1.23938,1.2394100000000001
EUR/USD,20180307 15:49:15.462,1.2395100000000001,1.23955
EUR/USD,20180307 15:54:17.478,1.24032,1.24034
EUR/USD,20180307 15:59:17.563,1.24051,1.24055
EUR/USD,20180307 16:04:17.578,1.2397200000000002,1.23975
EUR/USD,20180307 16:09:17.899,1.2396200000000002,1.23966
EUR/USD,20180307 16:14:18.161,1.2398799999999999,1.2399200000000001
EUR/USD,20180307 16:19:21.183,1.23971,1.23974
EUR/USD,20180307 16:24:22.554,1.2386,1.23862
EUR/USD,20180307 16:29:23.240,1.23884,1.2388700000000001
EUR/USD,20180307 16:34:24.230,1.23916,1.2392
EUR/USD,20180307 16:39:24.826,1.2395200000000002,1.23956
EUR/USD,20180307 16:44:24.988,1.2394399999999999,1.23945
EUR/USD,20180307 16:49:25.083,1.23894,1.2389700000000001
EUR/USD,20180307 16:54:25.191,1.2397,1.23974
EUR/USD,20180307 16:59:25.195,1.2394399999999999,1.23948
EUR/USD,20180307 17:04:25.349,1.2401799999999998,1.24022
EUR/USD,20180307 17:09:27.401,1.24016,1.24019
EUR/USD,20180307 17:14:27.439,1.23965,1.23968
EUR/USD,20180307 17:19:27.457,1.23973,1.23977
EUR/USD,20180307 17:24:27.806,1.2399,1.2399200000000001
EUR/USD,20180307 17:29:27.832,1.2392100000000001,1.23925
EUR/USD,20180307 17:34:28.659,1.23948,1.2395200000000002
EUR/USD,20180307 17:39:29.506,1.23945,1.23949
EUR/USD,20180307 17:44:31.756,1.23928,1.23932
EUR/USD,20180307 17:49:32.131,1.23948,1.2395200000000002
EUR/USD,20180307 17:54:33.718,1.23984,1.23987
EUR/USD,20180307 17:59:35.381,1.23995,1.2399799999999999
EUR/USD,20180307 18:04:37.417,1.23986,1.2399
EUR/USD,20180307 18:09:37.447,1.23993,1.23995
EUR/USD,20180307 18:14:38.086,1.23987,1.23991
EUR/USD,20180307 18:19:39.430,1.2400799999999998,1.2401200000000001
EUR/USD,20180307 18:24:40.101,1.2403600000000001,1.2403899999999999
EUR/USD,20180307 18:29:40.548,1.2403600000000001,1.2403899999999999
EUR/USD,20180307 18:34:40.873,1.24,1.24001
EUR/USD,20180307 18:39:42.025,1.23994,1.23997
EUR/USD,20180307 18:44:42.656,1.24132,1.24135
EUR/USD,20180307 18:49:44.260,1.24094,1.24096
EUR/USD,20180307 18:54:45.124,1.24075,1.24081
EUR/USD,20180307 18:59:46.487,1.2408,1.24085
EUR/USD,20180307 19:04:49.576,1.24089,1.24094
EUR/USD,20180307 19:09:54.222,1.24081,1.24084
EUR/USD,20180307 19:15:00.705,1.2404600000000001,1.2404899999999999
EUR/USD,20180307 19:20:02.042,1.24063,1.24066
EUR/USD,20180307 19:25:02.385,1.24062,1.24064
EUR/USD,20180307 19:30:03.135,1.24056,1.2406
EUR/USD,20180307 19:35:03.276,1.24065,1.24068
EUR/USD,20180307 19:40:03.304,1.24056,1.2405899999999999
EUR/USD,20180307 19:45:05.309,1.24033,1.24035
EUR/USD,20180307 19:50:06.646,1.2404600000000001,1.2404899999999999
EUR/USD,20180307 19:55:06.981,1.2410700000000001,1.2411
EUR/USD,20180307 20:00:07.767,1.2403,1.24034
EUR/USD,20180307 20:05:10.300,1.24051,1.24054
EUR/USD,20180307 20:10:10.754,1.2404899999999999,1.24052
EUR/USD,20180307 20:15:12.780,1.24075,1.2407700000000002
EUR/USD,20180307 20:20:14.174,1.2407700000000002,1.24079
EUR/USD,20180307 20:25:17.870,1.2411299999999998,1.24116
EUR/USD,20180307 20:30:19.549,1.24076,1.2408
EUR/USD,20180307 20:35:23.134,1.24081,1.24084
EUR/USD,20180307 20:40:25.797,1.24118,1.2412
EUR/USD,20180307 20:45:27.982,1.24114,1.24118
EUR/USD,20180307 20:50:29.553,1.2410700000000001,1.24111
EUR/USD,20180307 20:55:31.839,1.24117,1.2412
EUR/USD,20180307 21:00:32.440,1.2412100000000001,1.24126
EUR/USD,20180307 21:05:34.591,1.24143,1.24146
EUR/USD,20180307 21:10:37.765,1.24128,1.24132
EUR/USD,20180307 21:15:50.631,1.24125,1.24128
EUR/USD,20180307 21:20:58.379,1.24119,1.24124
EUR/USD,20180307 21:26:02.783,1.24117,1.24119
EUR/USD,20180307 21:31:03.100,1.24111,1.24114
EUR/USD,20180307 21:36:16.377,1.2413299999999998,1.2413399999999999
EUR/USD,20180307 21:41:16.811,1.24136,1.24142
EUR/USD,20180307 21:46:16.919,1.24137,1.2414
EUR/USD,20180307 21:51:21.726,1.24122,1.24129
EUR/USD,20180307 21:56:25.525,1.24106,1.24112
EUR/USD,20180307 22:01:26.819,1.24098,1.24126
EUR/USD,20180307 22:06:26.828,1.24115,1.2414100000000001
EUR/USD,20180307 22:11:27.648,1.2411,1.24122
EUR/USD,20180307 22:16:46.880,1.2411,1.24142
EUR/USD,20180307 22:22:03.175,1.24112,1.24122
EUR/USD,20180307 22:27:03.472,1.24101,1.2411299999999998
EUR/USD,20180307 22:32:09.384,1.24092,1.24106
EUR/USD,20180307 22:37:09.636,1.24114,1.2412
EUR/USD,20180307 22:42:09.662,1.24102,1.24111
EUR/USD,20180307 22:47:09.942,1.2410299999999999,1.2411299999999998
EUR/USD,20180307 22:52:10.742,1.24109,1.2411299999999998
EUR/USD,20180307 22:57:14.444,1.24098,1.2410299999999999
EUR/USD,20180307 23:02:15.890,1.2411,1.24114
EUR/USD,20180307 23:07:16.384,1.2410700000000001,1.24112
EUR/USD,20180307 23:12:16.569,1.24106,1.24108
EUR/USD,20180307 23:17:17.874,1.24102,1.24106
EUR/USD,20180307 23:22:19.633,1.24104,1.24111
EUR/USD,20180307 23:27:24.700,1.24105,1.2411
EUR/USD,20180307 23:32:27.711,1.24109,1.24118
EUR/USD,20180307 23:37:30.464,1.2411,1.24118
EUR/USD,20180307 23:42:31.794,1.2413,1.2413399999999999
EUR/USD,20180307 23:47:32.557,1.24132,1.24135
EUR/USD,20180307 23:52:32.742,1.24138,1.2414399999999999
EUR/USD,20180307 23:57:38.711,1.2412,1.24127
EUR/USD,20180308 00:02:39.063,1.2413100000000001,1.2413299999999998
EUR/USD,20180308 00:07:39.254,1.2409700000000001,1.24102
EUR/USD,20180308 00:12:39.405,1.24108,1.24111
EUR/USD,20180308 00:17:40.843,1.24098,1.24101
EUR/USD,20180308 00:22:41.621,1.24132,1.24136
EUR/USD,20180308 00:27:48.099,1.2414399999999999,1.24146
EUR/USD,20180308 00:32:49.977,1.24127,1.24129
EUR/USD,20180308 00:37:53.844,1.24126,1.2413
EUR/USD,20180308 00:43:01.629,1.24132,1.24135
EUR/USD,20180308 00:48:05.625,1.24143,1.24145
EUR/USD,20180308 00:53:05.845,1.24112,1.24115
EUR/USD,20180308 00:58:10.315,1.2409,1.2409299999999999
EUR/USD,20180308 01:03:10.320,1.24086,1.24092
EUR/USD,20180308 01:08:11.803,1.2408700000000001,1.24091
EUR/USD,20180308 01:13:19.666,1.2406,1.24064
EUR/USD,20180308 01:18:21.092,1.2402,1.24023
EUR/USD,20180308 01:23:22.628,1.24032,1.24037
EUR/USD,20180308 01:28:22.960,1.24015,1.2401799999999998
EUR/USD,20180308 01:33:23.294,1.23965,1.23969
EUR/USD,20180308 01:38:25.320,1.23987,1.2399
EUR/USD,20180308 01:43:28.378,1.23977,1.2398
EUR/USD,20180308 01:48:37.997,1.23996,1.24001
EUR/USD,20180308 01:53:40.199,1.23971,1.23974
EUR/USD,20180308 01:58:42.120,1.2399200000000001,1.23996
EUR/USD,20180308 02:03:43.130,1.2402799999999998,1.24033
EUR/USD,20180308 02:08:51.762,1.24016,1.24019
EUR/USD,20180308 02:14:05.608,1.24037,1.24043
EUR/USD,20180308 02:19:06.404,1.24055,1.2405700000000002
EUR/USD,20180308 02:24:08.659,1.24016,1.24021
EUR/USD,20180308 02:29:10.025,1.2401200000000001,1.24015
EUR/USD,20180308 02:34:13.231,1.2403,1.24033
EUR/USD,20180308 02:39:22.311,1.24044,1.2404700000000002
EUR/USD,20180308 02:44:25.670,1.24015,1.24019
EUR/USD,20180308 02:49:29.634,1.24031,1.24034
EUR/USD,20180308 02:54:29.777,1.2401200000000001,1.24014
EUR/USD,20180308 02:59:32.657,1.2401200000000001,1.24017
EUR/USD,20180308 03:04:37.531,1.24022,1.24027
EUR/USD,20180308 03:09:38.323,1.24015,1.24021
EUR/USD,20180308 03:14:40.929,1.23995,1.2399799999999999
EUR/USD,20180308 03:19:40.931,1.2399799999999999,1.24001
EUR/USD,20180308 03:25:07.505,1.2400799999999998,1.24013
EUR/USD,20180308 03:30:07.572,1.24029,1.24031
EUR/USD,20180308 03:35:15.901,1.24016,1.2402
EUR/USD,20180308 03:40:18.690,1.2402600000000001,1.2403
EUR/USD,20180308 03:45:34.166,1.24041,1.24045
EUR/USD,20180308 03:50:34.673,1.24025,1.2403
EUR/USD,20180308 03:55:35.919,1.24048,1.24051
EUR/USD,20180308 04:00:44.107,1.24069,1.2407299999999999
EUR/USD,20180308 04:05:47.464,1.2404700000000002,1.2405
EUR/USD,20180308 04:10:47.739,1.24065,1.24069
EUR/USD,20180308 04:15:49.722,1.24066,1.24068
EUR/USD,20180308 04:20:52.768,1.2406,1.24062
EUR/USD,20180308 04:25:55.886,1.24072,1.2407700000000002
EUR/USD,20180308 04:30:57.984,1.24061,1.24066
EUR/USD,20180308 04:35:58.656,1.24071,1.24074
EUR/USD,20180308 04:41:00.740,1.24051,1.24053
EUR/USD,20180308 04:46:02.016,1.2407,1.24074
EUR/USD,20180308 04:51:02.540,1.2406,1.24064
EUR/USD,20180308 04:56:10.581,1.24056,1.2405899999999999
EUR/USD,20180308 05:01:10.618,1.2406,1.24065
EUR/USD,20180308 05:06:11.427,1.2405700000000002,1.2406
EUR/USD,20180308 05:11:16.812,1.2408299999999999,1.24088
EUR/USD,20180308 05:16:18.939,1.24081,1.24084
EUR/USD,20180308 05:21:30.410,1.24081,1.24085
EUR/USD,20180308 05:26:31.145,1.24058,1.24061
EUR/USD,20180308 05:31:31.333,1.24091,1.24094
EUR/USD,20180308 05:36:31.614,1.24061,1.24064
EUR/USD,20180308 05:41:32.889,1.2405700000000002,1.24058
EUR/USD,20180308 05:46:39.141,1.2404600000000001,1.2405
EUR/USD,20180308 05:51:39.449,1.24045,1.2405
EUR/USD,20180308 05:56:39.468,1.2403600000000001,1.2404
EUR/USD,20180308 06:01:49.344,1.2403899999999999,1.24045
EUR/USD,20180308 06:06:50.833,1.24085,1.2408700000000001
EUR/USD,20180308 06:11:52.019,1.24075,1.24079
EUR/USD,20180308 06:16:58.450,1.24072,1.24074
EUR/USD,20180308 06:21:59.232,1.2408299999999999,1.24086
EUR/USD,20180308 06:27:05.081,1.24069,1.2407299999999999
EUR/USD,20180308 06:32:05.934,1.24052,1.24056
EUR/USD,20180308 06:37:09.701,1.24065,1.24069
EUR/USD,20180308 06:42:10.575,1.24066,1.24069
EUR/USD,20180308 06:47:10.598,1.24048,1.24052
EUR/USD,20180308 06:52:11.715,1.24017,1.24019
EUR/USD,20180308 06:57:16.639,1.2399200000000001,1.23997
EUR/USD,20180308 07:02:17.418,1.23986,1.2399
EUR/USD,20180308 07:07:18.657,1.23995,1.23999
EUR/USD,20180308 07:12:18.988,1.2401,1.24015
EUR/USD,20180308 07:17:19.184,1.24004,1.24004
EUR/USD,20180308 07:22:19.473,1.2401,1.24014
EUR/USD,20180308 07:27:21.276,1.2401799999999998,1.24023
EUR/USD,20180308 07:32:27.576,1.24034,1.24037
EUR/USD,20180308 07:37:27.691,1.24068,1.2407
EUR/USD,20180308 07:42:28.009,1.24098,1.2409999999999999
EUR/USD,20180308 07:47:28.023,1.24118,1.24118
EUR/USD,20180308 07:52:28.749,1.24106,1.2411
EUR/USD,20180308 07:57:30.051,1.2406700000000002,1.24069
EUR/USD,20180308 08:02:31.407,1.24122,1.24127
EUR/USD,20180308 08:07:31.467,1.24105,1.24109
EUR/USD,20180308 08:12:34.121,1.24064,1.24068
EUR/USD,20180308 08:17:34.405,1.2406700000000002,1.24071
EUR/USD,20180308 08:22:40.191,1.2403899999999999,1.24042
EUR/USD,20180308 08:27:40.681,1.24037,1.2404
EUR/USD,20180308 08:32:42.281,1.24042,1.2404700000000002
EUR/USD,20180308 08:37:43.405,1.24042,1.2404600000000001
EUR/USD,20180308 08:42:44.043,1.24062,1.2406700000000002
EUR/USD,20180308 08:47:44.050,1.24043,1.2404600000000001
EUR/USD,20180308 08:52:44.120,1.23912,1.23916
EUR/USD,20180308 08:57:48.221,1.23927,1.2393
EUR/USD,20180308 09:02:49.093,1.23924,1.23927
EUR/USD,20180308 09:07:49.097,1.23871,1.2387299999999999
EUR/USD,20180308 09:12:49.899,1.23882,1.23885
EUR/USD,20180308 09:17:53.240,1.2389700000000001,1.23901
EUR/USD,20180308 09:22:53.473,1.2386700000000002,1.23871
EUR/USD,20180308 09:27:55.977,1.23884,1.23888
EUR/USD,20180308 09:32:56.772,1.23858,1.2386
EUR/USD,20180308 09:37:57.927,1.23881,1.23885
EUR/USD,20180308 09:43:02.332,1.2384700000000002,1.2385
EUR/USD,20180308 09:48:03.294,1.23853,1.2385700000000002
EUR/USD,20180308 09:53:03.466,1.23806,1.23809
EUR/USD,20180308 09:58:03.836,1.23806,1.2381
EUR/USD,20180308 10:03:04.298,1.23794,1.23796
EUR/USD,20180308 10:08:10.916,1.2384899999999999,1.23852
EUR/USD,20180308 10:13:15.178,1.23871,1.2387700000000001
EUR/USD,20180308 10:18:15.287,1.23848,1.23852
EUR/USD,20180308 10:23:15.725,1.23884,1.23888
EUR/USD,20180308 10:28:19.920,1.2385899999999999,1.23863
EUR/USD,20180308 10:33:21.675,1.2383600000000001,1.2384
EUR/USD,20180308 10:38:22.620,1.23845,1.23848
EUR/USD,20180308 10:43:25.149,1.23813,1.23819
EUR/USD,20180308 10:48:27.546,1.23821,1.23824
EUR/USD,20180308 10:53:32.231,1.23815,1.23819
EUR/USD,20180308 10:58:35.833,1.23816,1.23822
EUR/USD,20180308 11:03:36.192,1.23755,1.23758
EUR/USD,20180308 11:08:38.373,1.23714,1.23717
EUR/USD,20180308 11:13:38.683,1.2375,1.23753
EUR/USD,20180308 11:18:41.096,1.2375200000000002,1.23757
EUR/USD,20180308 11:23:44.989,1.2374399999999999,1.23749
EUR/USD,20180308 11:28:45.015,1.23708,1.23712
EUR/USD,20180308 11:33:45.476,1.23702,1.23704
EUR/USD,20180308 11:38:47.501,1.23737,1.2374100000000001
EUR/USD,20180308 11:43:49.554,1.23729,1.2373
EUR/USD,20180308 11:48:50.543,1.2371,1.2371299999999998
EUR/USD,20180308 11:53:50.901,1.2372299999999998,1.23726
EUR/USD,20180308 11:58:51.544,1.23771,1.23775
EUR/USD,20180308 12:03:52.842,1.23783,1.2378799999999999
EUR/USD,20180308 12:08:53.667,1.23848,1.23851
EUR/USD,20180308 12:13:54.258,1.2384,1.23842
EUR/USD,20180308 12:18:58.469,1.23854,1.23855
EUR/USD,20180308 12:23:58.505,1.23781,1.23784
EUR/USD,20180308 12:28:59.133,1.23759,1.23761
EUR/USD,20180308 12:33:59.134,1.23783,1.23786
EUR/USD,20180308 12:38:59.528,1.23756,1.2376
EUR/USD,20180308 12:43:59.695,1.23777,1.23781
EUR/USD,20180308 12:48:59.698,1.2422600000000001,1.24229
EUR/USD,20180308 12:53:59.881,1.24203,1.24206
EUR/USD,20180308 12:59:00.130,1.24086,1.2409
EUR/USD,20180308 13:04:00.277,1.2419799999999999,1.2420200000000001
EUR/USD,20180308 13:09:00.374,1.24216,1.24219
EUR/USD,20180308 13:14:00.399,1.24186,1.24187
EUR/USD,20180308 13:19:00.653,1.24169,1.24171
EUR/USD,20180308 13:24:01.071,1.2426700000000002,1.24269
EUR/USD,20180308 13:29:01.875,1.2423600000000001,1.2423899999999999
EUR/USD,20180308 13:34:01.950,1.2433299999999998,1.24339
EUR/USD,20180308 13:39:02.008,1.24375,1.2438200000000001
EUR/USD,20180308 13:44:02.414,1.24215,1.2421799999999998
EUR/USD,20180308 13:49:02.428,1.2389,1.2389700000000001
EUR/USD,20180308 13:54:02.555,1.2393299999999998,1.23936
EUR/USD,20180308 13:59:02.699,1.24016,1.2402
EUR/USD,20180308 14:04:03.024,1.24011,1.24015
EUR/USD,20180308 14:09:03.050,1.23993,1.23996
EUR/USD,20180308 14:14:03.076,1.23932,1.23936
EUR/USD,20180308 14:19:03.270,1.24001,1.24003
EUR/USD,20180308 14:24:03.815,1.23961,1.2396399999999999
EUR/USD,20180308 14:29:04.396,1.23845,1.23848
EUR/USD,20180308 14:34:05.114,1.23776,1.2378
EUR/USD,20180308 14:39:05.161,1.23747,1.2375
EUR/USD,20180308 14:44:08.662,1.23758,1.23759
EUR/USD,20180308 14:49:08.908,1.23759,1.2376200000000002
EUR/USD,20180308 14:54:09.140,1.23664,1.23666
EUR/USD,20180308 14:59:09.608,1.23535,1.23539
EUR/USD,20180308 15:04:09.765,1.23482,1.23486
EUR/USD,20180308 15:09:11.292,1.23465,1.23468
EUR/USD,20180308 15:14:11.536,1.23509,1.23512
EUR/USD,20180308 15:19:12.063,1.23516,1.23519
EUR/USD,20180308 15:24:12.949,1.23479,1.23481
EUR/USD,20180308 15:29:15.209,1.23479,1.2348299999999999
EUR/USD,20180308 15:34:17.203,1.2337799999999999,1.2338
EUR/USD,20180308 15:39:17.525,1.23365,1.23369
EUR/USD,20180308 15:44:18.188,1.2338799999999999,1.2339200000000001
EUR/USD,20180308 15:49:18.479,1.23351,1.23355
EUR/USD,20180308 15:54:21.952,1.2336799999999999,1.2337200000000001
EUR/USD,20180308 15:59:22.197,1.23278,1.23279
EUR/USD,20180308 16:04:22.327,1.23304,1.23307
EUR/USD,20180308 16:09:22.500,1.2330299999999998,1.23305
EUR/USD,20180308 16:14:22.579,1.23325,1.23329
EUR/USD,20180308 16:19:22.898,1.23311,1.2331299999999998
EUR/USD,20180308 16:24:24.635,1.23289,1.23291
EUR/USD,20180308 16:29:24.725,1.2334200000000002,1.23345
EUR/USD,20180308 16:34:24.741,1.23305,1.23308
EUR/USD,20180308 16:39:25.629,1.23215,1.2321799999999998
EUR/USD,20180308 16:44:25.901,1.23193,1.23197
EUR/USD,20180308 16:49:25.952,1.23081,1.23084
EUR/USD,20180308 16:54:25.977,1.23092,1.2309700000000001
EUR/USD,20180308 16:59:27.005,1.23143,1.23146
EUR/USD,20180308 17:04:28.298,1.23149,1.23153
EUR/USD,20180308 17:09:30.627,1.2317,1.23174
EUR/USD,20180308 17:14:31.447,1.2317,1.2317200000000001
EUR/USD,20180308 17:19:31.846,1.23189,1.23191
EUR/USD,20180308 17:24:33.964,1.23149,1.23153
EUR/USD,20180308 17:29:36.303,1.23161,1.23164
EUR/USD,20180308 17:34:36.437,1.23147,1.23149
EUR/USD,20180308 17:39:37.437,1.23133,1.23137
EUR/USD,20180308 17:44:38.467,1.2314200000000002,1.23145
EUR/USD,20180308 17:49:39.240,1.23136,1.23139
EUR/USD,20180308 17:54:39.331,1.23174,1.23176
EUR/USD,20180308 17:59:41.350,1.23176,1.2317799999999999
EUR/USD,20180308 18:04:44.572,1.23149,1.2315399999999999
EUR/USD,20180308 18:09:47.717,1.23161,1.23163
EUR/USD,20180308 18:14:48.298,1.2314200000000002,1.2314399999999999
EUR/USD,20180308 18:19:50.343,1.23133,1.23135
EUR/USD,20180308 18:24:50.586,1.23102,1.23105
EUR/USD,20180308 18:29:50.747,1.23118,1.2312
EUR/USD,20180308 18:34:53.140,1.23122,1.23125
EUR/USD,20180308 18:39:57.186,1.2308,1.2308299999999999
EUR/USD,20180308 18:44:58.610,1.23129,1.23132
EUR/USD,20180308 18:50:00.098,1.23135,1.23139
EUR/USD,20180308 18:55:02.081,1.2309700000000001,1.2309999999999999
EUR/USD,20180308 19:00:05.585,1.2314100000000001,1.23145
EUR/USD,20180308 19:05:06.217,1.23108,1.2311
EUR/USD,20180308 19:10:06.523,1.23107,1.2311
EUR/USD,20180308 19:15:06.921,1.23084,1.23088
EUR/USD,20180308 19:20:12.178,1.23078,1.23081
EUR/USD,20180308 19:25:13.847,1.2302799999999998,1.23031
EUR/USD,20180308 19:30:14.067,1.23019,1.23022
EUR/USD,20180308 19:35:14.694,1.23059,1.23061
EUR/USD,20180308 19:40:16.009,1.23082,1.23085
EUR/USD,20180308 19:45:16.067,1.23118,1.2312
EUR/USD,20180308 19:50:16.227,1.2308299999999999,1.23085
EUR/USD,20180308 19:55:16.476,1.23051,1.23055
EUR/USD,20180308 20:00:16.971,1.23052,1.23055
EUR/USD,20180308 20:05:17.016,1.2307700000000001,1.23082
EUR/USD,20180308 20:10:17.204,1.23085,1.2309
EUR/USD,20180308 20:15:17.704,1.23086,1.23089
EUR/USD,20180308 20:20:23.252,1.23076,1.23078
EUR/USD,20180308 20:25:24.560,1.23021,1.23024
EUR/USD,20180308 20:30:24.704,1.23041,1.23045
EUR/USD,20180308 20:35:26.118,1.23056,1.2306
EUR/USD,20180308 20:40:27.468,1.23061,1.23065
EUR/USD,20180308 20:45:27.749,1.2309999999999999,1.2310299999999998
EUR/USD,20180308 20:50:29.361,1.2308299999999999,1.23088
EUR/USD,20180308 20:55:33.493,1.23111,1.23115
EUR/USD,20180308 21:00:37.836,1.2311299999999998,1.23116
EUR/USD,20180308 21:05:38.506,1.23106,1.2311
EUR/USD,20180308 21:10:39.844,1.2314,1.23143
EUR/USD,20180308 21:15:46.468,1.23107,1.2311299999999998
EUR/USD,20180308 21:20:50.238,1.23117,1.23119
EUR/USD,20180308 21:25:50.945,1.2310299999999998,1.23105
EUR/USD,20180308 21:30:51.287,1.23111,1.23115
EUR/USD,20180308 21:35:52.196,1.2312,1.23125
EUR/USD,20180308 21:40:54.156,1.23127,1.2313399999999999
EUR/USD,20180308 21:45:55.708,1.2312100000000001,1.23124
EUR/USD,20180308 21:50:56.929,1.23122,1.23127
EUR/USD,20180308 21:55:58.893,1.23107,1.23114
EUR/USD,20180308 22:01:00.135,1.23098,1.2313
EUR/USD,20180308 22:06:00.909,1.23099,1.23129
EUR/USD,20180308 22:11:03.384,1.2309299999999999,1.2312100000000001
EUR/USD,20180308 22:16:06.928,1.2311299999999998,1.23126
EUR/USD,20180308 22:21:10.905,1.23105,1.23135
EUR/USD,20180308 22:26:11.617,1.23107,1.23129
EUR/USD,20180308 22:31:13.787,1.23115,1.23145
EUR/USD,20180308 22:36:17.022,1.23119,1.23133
EUR/USD,20180308 22:41:17.022,1.2312100000000001,1.23136
EUR/USD,20180308 22:46:19.580,1.23122,1.23136
EUR/USD,20180308 22:51:20.924,1.23155,1.2316200000000002
EUR/USD,20180308 22:56:22.387,1.23138,1.23147
EUR/USD,20180308 23:01:23.279,1.23122,1.23128
EUR/USD,20180308 23:06:26.756,1.23129,1.23136
EUR/USD,20180308 23:11:27.350,1.23116,1.23124
EUR/USD,20180308 23:16:28.472,1.23106,1.23112
EUR/USD,20180308 23:21:28.638,1.23091,1.2309700000000001
EUR/USD,20180308 23:26:29.375,1.2308,1.23084
EUR/USD,20180308 23:31:30.695,1.2308700000000001,1.2309299999999999
EUR/USD,20180308 23:36:31.761,1.2308299999999999,1.23089
EUR/USD,20180308 23:41:32.485,1.23071,1.23074
EUR/USD,20180308 23:46:33.988,1.23054,1.2306
EUR/USD,20180308 23:51:44.386,1.23052,1.23055
EUR/USD,20180308 23:56:52.460,1.23056,1.23059
EUR/USD,20180309 00:01:56.599,1.2307700000000001,1.23079
EUR/USD,20180309 00:07:08.711,1.23059,1.23064
EUR/USD,20180309 00:12:09.287,1.23059,1.23062
EUR/USD,20180309 00:17:11.705,1.23035,1.2304
EUR/USD,20180309 00:22:17.193,1.23101,1.23107
EUR/USD,20180309 00:27:18.888,1.23095,1.23098
EUR/USD,20180309 00:32:20.346,1.23071,1.23074
EUR/USD,20180309 00:37:20.403,1.2311299999999998,1.23115
EUR/USD,20180309 00:42:22.188,1.23128,1.23129
EUR/USD,20180309 00:47:22.572,1.23151,1.2315399999999999
EUR/USD,20180309 00:52:24.546,1.23148,1.2315200000000002
EUR/USD,20180309 00:57:28.078,1.23118,1.2312
EUR/USD,20180309 01:02:28.761,1.2308299999999999,1.23086
EUR/USD,20180309 01:07:30.421,1.23035,1.23038
EUR/USD,20180309 01:12:31.868,1.23078,1.23081
EUR/USD,20180309 01:17:32.986,1.23056,1.23059
EUR/USD,20180309 01:22:38.798,1.23062,1.23062
EUR/USD,20180309 01:27:43.590,1.23037,1.2303899999999999
EUR/USD,20180309 01:32:44.015,1.2303,1.2303
EUR/USD,20180309 01:37:44.180,1.2297799999999999,1.22981
EUR/USD,20180309 01:42:44.470,1.22995,1.22999
EUR/USD,20180309 01:47:46.340,1.2297,1.2297200000000001
EUR/USD,20180309 01:52:46.531,1.22985,1.22989
EUR/USD,20180309 01:57:51.944,1.22991,1.22996
EUR/USD,20180309 02:02:54.857,1.2298,1.22983
EUR/USD,20180309 02:07:55.810,1.23025,1.2302799999999998
EUR/USD,20180309 02:12:57.284,1.23025,1.23027
EUR/USD,20180309 02:17:59.141,1.23045,1.23048
EUR/USD,20180309 02:23:00.069,1.23027,1.2302899999999999
EUR/USD,20180309 02:28:05.753,1.23041,1.23045
EUR/USD,20180309 02:33:12.378,1.23082,1.23085
EUR/USD,20180309 02:38:24.927,1.23095,1.23099
EUR/USD,20180309 02:43:25.026,1.2309700000000001,1.2309999999999999
EUR/USD,20180309 02:48:25.038,1.23082,1.23084
EUR/USD,20180309 02:53:25.841,1.2308299999999999,1.23086
EUR/USD,20180309 02:58:29.699,1.23085,1.23088
EUR/USD,20180309 03:03:32.872,1.2309700000000001,1.23101
EUR/USD,20180309 03:08:33.015,1.23107,1.2311
EUR/USD,20180309 03:13:36.193,1.23106,1.23111
EUR/USD,20180309 03:18:51.215,1.23092,1.23096
EUR/USD,20180309 03:23:54.041,1.2308299999999999,1.23086
EUR/USD,20180309 03:28:54.193,1.23089,1.23092
EUR/USD,20180309 03:33:58.313,1.2309700000000001,1.23101
EUR/USD,20180309 03:39:06.529,1.23107,1.23111
EUR/USD,20180309 03:44:08.201,1.23106,1.23109
EUR/USD,20180309 03:49:19.923,1.23096,1.23099
EUR/USD,20180309 03:54:28.823,1.23101,1.23106
EUR/USD,20180309 03:59:29.324,1.2309700000000001,1.23099
EUR/USD,20180309 04:04:32.276,1.2309299999999999,1.2309700000000001
EUR/USD,20180309 04:09:38.644,1.23108,1.23109
EUR/USD,20180309 04:14:40.897,1.2311,1.23112
EUR/USD,20180309 04:19:44.730,1.23119,1.2312299999999998
EUR/USD,20180309 04:24:45.113,1.23136,1.23138
EUR/USD,20180309 04:29:57.069,1.2313100000000001,1.23135
EUR/USD,20180309 04:35:00.565,1.23111,1.2311299999999998
EUR/USD,20180309 04:40:02.217,1.2308700000000001,1.23092
EUR/USD,20180309 04:45:02.488,1.23101,1.23104
EUR/USD,20180309 04:50:08.636,1.23082,1.23085
EUR/USD,20180309 04:55:09.283,1.23102,1.23104
EUR/USD,20180309 05:00:12.983,1.23132,1.23135
EUR/USD,20180309 05:05:17.479,1.23126,1.2313
EUR/USD,20180309 05:10:20.066,1.23124,1.23128
EUR/USD,20180309 05:15:20.103,1.2312100000000001,1.23125
EUR/USD,20180309 05:20:21.431,1.2312100000000001,1.23126
EUR/USD,20180309 05:25:34.502,1.2313100000000001,1.23137
EUR/USD,20180309 05:30:35.064,1.23163,1.23166
EUR/USD,20180309 05:35:38.578,1.23151,1.23157
EUR/USD,20180309 05:40:42.940,1.23161,1.23164
EUR/USD,20180309 05:45:45.700,1.2313,1.23136
EUR/USD,20180309 05:50:53.711,1.2313100000000001,1.23136
EUR/USD,20180309 05:55:53.882,1.23146,1.23148
EUR/USD,20180309 06:00:55.728,1.2316200000000002,1.23165
EUR/USD,20180309 06:06:13.289,1.2317799999999999,1.2318200000000001
EUR/USD,20180309 06:11:17.267,1.23179,1.2318200000000001
EUR/USD,20180309 06:16:26.977,1.23177,1.2318200000000001
EUR/USD,20180309 06:21:27.292,1.23157,1.2316
EUR/USD,20180309 06:26:28.543,1.2319200000000001,1.23193
EUR/USD,20180309 06:31:39.173,1.23177,1.23181
EUR/USD,20180309 06:36:47.957,1.2320200000000001,1.23206
EUR/USD,20180309 06:41:48.021,1.23171,1.23174
EUR/USD,20180309 06:46:49.701,1.23158,1.2316200000000002
EUR/USD,20180309 06:52:01.025,1.23173,1.23176
EUR/USD,20180309 06:57:04.176,1.23193,1.23197
EUR/USD,20180309 07:02:05.073,1.23148,1.23153
EUR/USD,20180309 07:07:05.311,1.2313,1.2313399999999999
EUR/USD,20180309 07:12:06.264,1.23151,1.23153
EUR/USD,20180309 07:17:06.348,1.23147,1.2315
EUR/USD,20180309 07:22:06.942,1.23174,1.23177
EUR/USD,20180309 07:27:09.518,1.23196,1.23199
EUR/USD,20180309 07:32:09.636,1.2317799999999999,1.23181
EUR/USD,20180309 07:37:10.725,1.23155,1.23159
EUR/USD,20180309 07:42:11.584,1.23147,1.23151
EUR/USD,20180309 07:47:15.130,1.23124,1.23128
EUR/USD,20180309 07:52:15.285,1.23156,1.23159
EUR/USD,20180309 07:57:16.063,1.23177,1.23179
EUR/USD,20180309 08:02:16.293,1.2321,1.23214
EUR/USD,20180309 08:07:18.761,1.2315,1.23153
EUR/USD,20180309 08:12:20.550,1.23119,1.23122
EUR/USD,20180309 08:17:25.796,1.23102,1.23106
EUR/USD,20180309 08:22:27.599,1.2312100000000001,1.23125
EUR/USD,20180309 08:27:28.035,1.23066,1.23068
EUR/USD,20180309 08:32:32.014,1.23053,1.2305700000000002
EUR/USD,20180309 08:37:34.994,1.23058,1.23061
EUR/USD,20180309 08:42:35.006,1.23019,1.23021
EUR/USD,20180309 08:47:35.142,1.22966,1.2296799999999999
EUR/USD,20180309 08:52:38.775,1.23011,1.23013
EUR/USD,20180309 08:57:38.812,1.23054,1.2305700000000002
EUR/USD,20180309 09:02:38.878,1.23069,1.23072
EUR/USD,20180309 09:07:39.522,1.2313,1.23133
EUR/USD,20180309 09:12:42.005,1.23158,1.23161
EUR/USD,20180309 09:17:47.844,1.23163,1.23165
EUR/USD,20180309 09:22:48.909,1.23161,1.23164
EUR/USD,20180309 09:27:49.961,1.2314100000000001,1.2314399999999999
EUR/USD,20180309 09:32:52.682,1.23129,1.23132
EUR/USD,20180309 09:37:53.782,1.23114,1.23116
EUR/USD,20180309 09:42:54.717,1.23094,1.23096
EUR/USD,20180309 09:47:56.487,1.23092,1.2309299999999999
EUR/USD,20180309 09:53:02.009,1.2306700000000002,1.23072
EUR/USD,20180309 09:58:02.150,1.23009,1.23013
EUR/USD,20180309 10:03:02.227,1.2298799999999999,1.22991
EUR/USD,20180309 10:08:08.255,1.23004,1.23007
EUR/USD,20180309 10:13:09.231,1.2302,1.23023
EUR/USD,20180309 10:18:10.407,1.2303600000000001,1.2303600000000001
EUR/USD,20180309 10:23:16.445,1.23022,1.2302600000000001
EUR/USD,20180309 10:28:17.043,1.2304700000000002,1.2304700000000002
EUR/USD,20180309 10:33:20.863,1.2302799999999998,1.23034
EUR/USD,20180309 10:38:21.225,1.23023,1.23027
EUR/USD,20180309 10:43:26.050,1.22997,1.23001
EUR/USD,20180309 10:48:26.231,1.2299799999999999,1.23001
EUR/USD,20180309 10:53:26.394,1.22996,1.23
EUR/USD,20180309 10:58:26.598,1.22974,1.22977
EUR/USD,20180309 11:03:27.178,1.22953,1.22957
EUR/USD,20180309 11:08:27.735,1.22939,1.22943
EUR/USD,20180309 11:13:29.008,1.22909,1.2291299999999998
EUR/USD,20180309 11:18:30.089,1.22953,1.22957
EUR/USD,20180309 11:23:33.165,1.22974,1.2297799999999999
EUR/USD,20180309 11:28:36.654,1.22996,1.23
EUR/USD,20180309 11:33:40.305,1.2300799999999998,1.23011
EUR/USD,20180309 11:38:44.632,1.23022,1.2302600000000001
EUR/USD,20180309 11:43:44.635,1.22976,1.22979
EUR/USD,20180309 11:48:44.903,1.2294200000000002,1.22945
EUR/USD,20180309 11:53:49.323,1.22984,1.2298799999999999
EUR/USD,20180309 11:58:51.854,1.22975,1.22979
EUR/USD,20180309 12:03:57.756,1.2300799999999998,1.23011
EUR/USD,20180309 12:08:59.991,1.22983,1.22986
EUR/USD,20180309 12:14:01.076,1.22986,1.2298799999999999
EUR/USD,20180309 12:19:01.079,1.22939,1.22943
EUR/USD,20180309 12:24:01.180,1.22947,1.22951
EUR/USD,20180309 12:29:01.944,1.22961,1.22963
EUR/USD,20180309 12:34:02.307,1.22969,1.2297200000000001
EUR/USD,20180309 12:39:08.015,1.22951,1.22956
EUR/USD,20180309 12:44:08.277,1.2294100000000001,1.2294399999999999
EUR/USD,20180309 12:49:11.843,1.2297,1.22973
EUR/USD,20180309 12:54:15.337,1.22938,1.2294
EUR/USD,20180309 12:59:16.149,1.22939,1.2294200000000002
EUR/USD,20180309 13:04:19.304,1.2297200000000001,1.22976
EUR/USD,20180309 13:09:19.567,1.22948,1.2295
EUR/USD,20180309 13:14:22.062,1.2290299999999998,1.22904
EUR/USD,20180309 13:19:22.229,1.22902,1.22906
EUR/USD,20180309 13:24:22.564,1.22855,1.2286
EUR/USD,20180309 13:29:22.812,1.22838,1.22844
EUR/USD,20180309 13:34:22.820,1.22984,1.2298799999999999
EUR/USD,20180309 13:39:22.850,1.22963,1.22967
EUR/USD,20180309 13:44:22.906,1.22819,1.22823
EUR/USD,20180309 13:49:23.141,1.2285700000000002,1.22861
EUR/USD,20180309 13:54:23.454,1.22899,1.2290299999999998
EUR/USD,20180309 13:59:24.181,1.22927,1.2293
EUR/USD,20180309 14:04:24.406,1.23001,1.23005
EUR/USD,20180309 14:09:24.469,1.22966,1.2297
EUR/USD,20180309 14:14:25.846,1.22975,1.22979
EUR/USD,20180309 14:19:27.934,1.23027,1.2303
EUR/USD,20180309 14:24:29.959,1.2294100000000001,1.22943
EUR/USD,20180309 14:29:30.511,1.22961,1.22963
EUR/USD,20180309 14:34:30.513,1.22995,1.22999
EUR/USD,20180309 14:39:30.922,1.2296200000000002,1.22966
EUR/USD,20180309 14:44:31.867,1.23022,1.23025
EUR/USD,20180309 14:49:32.588,1.2300200000000001,1.23005
EUR/USD,20180309 14:54:32.610,1.23032,1.23035
EUR/USD,20180309 14:59:32.811,1.23126,1.23128
EUR/USD,20180309 15:04:32.837,1.23122,1.23125
EUR/USD,20180309 15:09:32.845,1.23253,1.2325700000000002
EUR/USD,20180309 15:14:33.017,1.2323600000000001,1.2324
EUR/USD,20180309 15:19:33.023,1.23262,1.23265
EUR/USD,20180309 15:24:33.829,1.23248,1.23251
EUR/USD,20180309 15:29:34.028,1.23231,1.23235
EUR/USD,20180309 15:34:36.120,1.23251,1.23255
EUR/USD,20180309 15:39:37.045,1.23195,1.2319799999999999
EUR/USD,20180309 15:44:37.806,1.2321,1.23214
EUR/USD,20180309 15:49:37.809,1.2322600000000001,1.2323
EUR/USD,20180309 15:54:37.883,1.2322,1.23222
EUR/USD,20180309 15:59:42.729,1.2318,1.2318200000000001
EUR/USD,20180309 16:04:43.470,1.23184,1.23187
EUR/USD,20180309 16:09:44.210,1.23245,1.23248
EUR/USD,20180309 16:14:45.620,1.23284,1.23285
EUR/USD,20180309 16:19:46.833,1.2329,1.23294
EUR/USD,20180309 16:24:46.999,1.2322799999999998,1.23231
EUR/USD,20180309 16:29:47.014,1.23206,1.23209
EUR/USD,20180309 16:34:50.250,1.23222,1.23225
EUR/USD,20180309 16:39:51.715,1.23201,1.23203
EUR/USD,20180309 16:44:51.839,1.23204,1.23207
EUR/USD,20180309 16:49:51.849,1.23242,1.23246
EUR/USD,20180309 16:54:53.438,1.23246,1.2325
EUR/USD,20180309 16:59:58.258,1.2325,1.23253
EUR/USD,20180309 17:04:58.580,1.23296,1.23299
EUR/USD,20180309 17:09:59.336,1.2326700000000002,1.23271
EUR/USD,20180309 17:15:05.736,1.23265,1.2327
EUR/USD,20180309 17:20:06.216,1.23213,1.23217
EUR/USD,20180309 17:25:06.266,1.2322600000000001,1.2323
EUR/USD,20180309 17:30:07.472,1.23225,1.2322799999999998
EUR/USD,20180309 17:35:08.023,1.23224,1.2322799999999998
EUR/USD,20180309 17:40:11.018,1.23232,1.23238
EUR/USD,20180309 17:45:12.491,1.23213,1.2321799999999998
EUR/USD,20180309 17:50:14.339,1.23215,1.23219
EUR/USD,20180309 17:55:14.596,1.23175,1.2317799999999999
EUR/USD,20180309 18:00:17.200,1.2318799999999999,1.2319200000000001
EUR/USD,20180309 18:05:17.246,1.23179,1.23181
EUR/USD,20180309 18:10:31.255,1.23163,1.23166
EUR/USD,20180309 18:15:34.448,1.2315,1.2315200000000002
EUR/USD,20180309 18:20:34.541,1.23164,1.23167
EUR/USD,20180309 18:25:35.099,1.23156,1.23159
EUR/USD,20180309 18:30:37.243,1.23181,1.23184
EUR/USD,20180309 18:35:38.696,1.2314200000000002,1.23145
EUR/USD,20180309 18:40:38.804,1.2313,1.23133
EUR/USD,20180309 18:45:38.980,1.2313100000000001,1.23135
EUR/USD,20180309 18:50:40.235,1.23143,1.23146
EUR/USD,20180309 18:55:48.088,1.23136,1.2314100000000001
EUR/USD,20180309 19:00:48.160,1.23112,1.23115
EUR/USD,20180309 19:05:54.906,1.2313,1.23137
EUR/USD,20180309 19:11:02.062,1.23125,1.2313100000000001
EUR/USD,20180309 19:16:07.594,1.23128,1.23132
EUR/USD,20180309 19:21:12.337,1.23145,1.23145
EUR/USD,20180309 19:26:12.469,1.23181,1.23187
EUR/USD,20180309 19:31:12.938,1.2316200000000002,1.23164
EUR/USD,20180309 19:36:18.871,1.23163,1.23166
EUR/USD,20180309 19:41:23.664,1.2317799999999999,1.23181
EUR/USD,20180309 19:46:24.427,1.23149,1.2315399999999999
EUR/USD,20180309 19:51:25.706,1.23156,1.23158
EUR/USD,20180309 19:56:27.987,1.23155,1.2316
EUR/USD,20180309 20:01:28.556,1.23138,1.2314200000000002
EUR/USD,20180309 20:06:34.941,1.23136,1.2314100000000001
EUR/USD,20180309 20:11:35.017,1.23099,1.23104
EUR/USD,20180309 20:16:38.698,1.23069,1.23072
EUR/USD,20180309 20:21:39.057,1.23059,1.23064
EUR/USD,20180309 20:26:39.825,1.23055,1.23058
EUR/USD,20180309 20:31:49.589,1.2305700000000002,1.23063
EUR/USD,20180309 20:36:50.218,1.2307,1.2307299999999999
EUR/USD,20180309 20:41:50.278,1.23086,1.2309
EUR/USD,20180309 20:46:59.998,1.23086,1.2309
EUR/USD,20180309 20:52:00.100,1.23042,1.23045
EUR/USD,20180309 20:57:00.287,1.23048,1.23052
EUR/USD,20180311 21:00:45.137,1.23071,1.23196
EUR/USD,20180311 21:05:56.109,1.23119,1.23165
EUR/USD,20180311 21:11:08.775,1.23116,1.23166
EUR/USD,20180311 21:16:13.403,1.23129,1.23153
EUR/USD,20180311 21:21:16.810,1.2311299999999998,1.23163
EUR/USD,20180311 21:26:37.945,1.23117,1.2314
EUR/USD,20180311 21:31:38.102,1.23101,1.23114
EUR/USD,20180311 21:36:59.302,1.23076,1.23095
EUR/USD,20180311 21:42:01.094,1.2308,1.23095
EUR/USD,20180311 21:47:18.628,1.23105,1.23124
EUR/USD,20180311 21:52:25.375,1.23105,1.23126
EUR/USD,20180311 21:57:32.263,1.23111,1.23133
EUR/USD,20180311 22:02:35.607,1.23115,1.2312100000000001
EUR/USD,20180311 22:29:21.600,1.23072,1.23082
EUR/USD,20180311 22:35:16.058,1.2309700000000001,1.23107
EUR/USD,20180311 22:40:18.625,1.23096,1.23104
EUR/USD,20180311 22:45:27.318,1.2310299999999998,1.2311
EUR/USD,20180311 22:50:30.188,1.23091,1.2309999999999999
EUR/USD,20180311 22:55:53.723,1.2309999999999999,1.23109
EUR/USD,20180311 23:00:54.786,1.2309,1.2309299999999999
EUR/USD,20180311 23:05:56.505,1.2310299999999998,1.23106
EUR/USD,20180311 23:11:02.729,1.23127,1.23132
EUR/USD,20180311 23:16:09.085,1.23098,1.23104
EUR/USD,20180311 23:21:10.509,1.23074,1.23078
EUR/USD,20180311 23:26:14.160,1.23071,1.23074
EUR/USD,20180311 23:31:14.963,1.23068,1.23072
EUR/USD,20180311 23:36:16.415,1.23084,1.23088
EUR/USD,20180311 23:41:17.860,1.2309,1.2309299999999999
EUR/USD,20180311 23:46:27.459,1.2308299999999999,1.23088
EUR/USD,20180311 23:51:28.642,1.23078,1.23082
EUR/USD,20180311 23:56:30.751,1.2308,1.23084
EUR/USD,20180312 00:01:31.633,1.2309299999999999,1.2309700000000001
EUR/USD,20180312 00:06:33.788,1.23105,1.23107
EUR/USD,20180312 00:11:33.799,1.2308700000000001,1.23089
EUR/USD,20180312 00:16:42.172,1.2307700000000001,1.23082
EUR/USD,20180312 00:21:43.202,1.2308299999999999,1.23085
EUR/USD,20180312 00:26:44.185,1.23079,1.23082
EUR/USD,20180312 00:31:46.863,1.23081,1.23088
EUR/USD,20180312 00:36:50.044,1.23094,1.2309700000000001
EUR/USD,20180312 00:41:50.875,1.23095,1.23098
EUR/USD,20180312 00:46:53.810,1.23098,1.23104
EUR/USD,20180312 00:51:56.707,1.23106,1.23111
