EUR/USD,20180401 21:01:36.833,1.23181,1.23289
EUR/USD,20180401 21:06:39.839,1.23193,1.23272
EUR/USD,20180401 21:11:42.948,1.2318200000000001,1.2323600000000001
EUR/USD,20180401 21:16:42.981,1.23193,1.23243
EUR/USD,20180401 21:21:43.013,1.23212,1.23262
EUR/USD,20180401 21:28:41.161,1.2322600000000001,1.23262
EUR/USD,20180401 21:33:42.946,1.23219,1.23268
EUR/USD,20180401 21:42:02.980,1.23221,1.23268
EUR/USD,20180401 21:51:44.517,1.23223,1.23268
EUR/USD,20180401 21:57:42.955,1.23224,1.23274
EUR/USD,20180401 22:02:42.987,1.2317200000000001,1.23191
EUR/USD,20180401 22:07:47.219,1.23163,1.2317
EUR/USD,20180401 22:12:47.459,1.23194,1.23205
EUR/USD,20180401 22:17:48.377,1.23171,1.2318
EUR/USD,20180401 22:22:49.968,1.23164,1.23176
EUR/USD,20180401 22:27:51.978,1.2314,1.23153
EUR/USD,20180401 22:32:53.489,1.23137,1.23149
EUR/USD,20180401 22:37:54.508,1.23135,1.23139
EUR/USD,20180401 22:42:56.916,1.23139,1.23145
EUR/USD,20180401 22:47:59.580,1.23143,1.23146
EUR/USD,20180401 22:53:00.227,1.23156,1.2316200000000002
EUR/USD,20180401 22:58:08.608,1.23176,1.23183
EUR/USD,20180401 23:03:09.072,1.2319,1.23194
EUR/USD,20180401 23:08:09.131,1.23165,1.2317
EUR/USD,20180401 23:13:15.805,1.23164,1.2316799999999999
EUR/USD,20180401 23:18:18.968,1.2314399999999999,1.23149
EUR/USD,20180401 23:23:22.412,1.23143,1.23147
EUR/USD,20180401 23:28:27.575,1.2314,1.2314200000000002
EUR/USD,20180401 23:33:33.834,1.23153,1.23157
EUR/USD,20180401 23:38:36.073,1.23146,1.2315
EUR/USD,20180401 23:43:54.511,1.2313399999999999,1.23139
EUR/USD,20180401 23:49:07.151,1.2314200000000002,1.23147
EUR/USD,20180401 23:54:07.550,1.23143,1.23148
EUR/USD,20180401 23:59:09.561,1.2313100000000001,1.23133
EUR/USD,20180402 00:04:09.738,1.23132,1.23137
EUR/USD,20180402 00:09:13.206,1.2311299999999998,1.23117
EUR/USD,20180402 00:14:17.894,1.2314200000000002,1.23147
EUR/USD,20180402 00:19:21.819,1.23157,1.2316200000000002
EUR/USD,20180402 00:24:27.648,1.23187,1.2319200000000001
EUR/USD,20180402 00:29:27.651,1.2318200000000001,1.23186
EUR/USD,20180402 00:34:29.247,1.23193,1.23196
EUR/USD,20180402 00:39:52.987,1.2320200000000001,1.23204
EUR/USD,20180402 00:44:59.154,1.23183,1.23186
EUR/USD,20180402 00:50:00.514,1.23207,1.23212
EUR/USD,20180402 00:55:00.520,1.23199,1.23204
EUR/USD,20180402 01:00:00.653,1.23221,1.23222
EUR/USD,20180402 01:05:00.698,1.2325,1.23254
EUR/USD,20180402 01:10:00.738,1.23255,1.23259
EUR/USD,20180402 01:15:00.745,1.23254,1.23256
EUR/USD,20180402 01:20:18.380,1.2324700000000002,1.23253
EUR/USD,20180402 01:25:20.798,1.2324700000000002,1.23252
EUR/USD,20180402 01:30:25.121,1.23271,1.23276
EUR/USD,20180402 01:35:33.168,1.2327299999999999,1.23278
EUR/USD,20180402 01:40:42.242,1.23266,1.23271
EUR/USD,20180402 01:45:54.088,1.2327,1.23276
EUR/USD,20180402 01:51:00.610,1.23264,1.23268
EUR/USD,20180402 01:56:06.400,1.23268,1.23272
EUR/USD,20180402 02:01:07.342,1.23256,1.23262
EUR/USD,20180402 02:06:08.021,1.23268,1.23272
EUR/USD,20180402 02:11:14.789,1.23243,1.23248
EUR/USD,20180402 02:16:19.671,1.23233,1.23238
EUR/USD,20180402 02:21:21.301,1.2322799999999998,1.23233
EUR/USD,20180402 02:26:26.267,1.2322899999999999,1.23232
EUR/USD,20180402 02:31:26.901,1.23215,1.2321799999999998
EUR/USD,20180402 02:36:30.093,1.2321799999999998,1.23222
EUR/USD,20180402 02:41:32.790,1.23222,1.23227
EUR/USD,20180402 02:46:32.866,1.2321799999999998,1.2322
EUR/USD,20180402 02:51:35.166,1.23222,1.23227
EUR/USD,20180402 02:56:40.372,1.2323,1.23233
EUR/USD,20180402 03:01:41.039,1.2322899999999999,1.23232
EUR/USD,20180402 03:06:41.290,1.2321600000000001,1.23222
EUR/USD,20180402 03:11:54.859,1.23219,1.23223
EUR/USD,20180402 03:16:56.471,1.23222,1.2322600000000001
EUR/USD,20180402 03:22:03.218,1.23217,1.23223
EUR/USD,20180402 03:27:15.206,1.2320799999999998,1.23213
EUR/USD,20180402 03:32:15.729,1.2320200000000001,1.23207
EUR/USD,20180402 03:37:19.189,1.232,1.23204
EUR/USD,20180402 03:42:20.486,1.2318200000000001,1.23187
EUR/USD,20180402 03:47:20.504,1.23173,1.23176
EUR/USD,20180402 03:52:20.788,1.23173,1.23177
EUR/USD,20180402 03:57:21.106,1.23163,1.23167
EUR/USD,20180402 04:02:28.987,1.2317799999999999,1.2318200000000001
EUR/USD,20180402 04:08:20.110,1.23175,1.23181
EUR/USD,20180402 04:13:26.955,1.2316799999999999,1.23173
EUR/USD,20180402 04:18:28.133,1.2317,1.23173
EUR/USD,20180402 04:23:33.929,1.23173,1.2317799999999999
EUR/USD,20180402 04:28:41.879,1.23169,1.23173
EUR/USD,20180402 04:33:41.928,1.23169,1.23173
EUR/USD,20180402 04:38:44.474,1.23163,1.2316799999999999
EUR/USD,20180402 04:43:47.432,1.23164,1.2317
EUR/USD,20180402 04:48:49.272,1.23163,1.23167
EUR/USD,20180402 04:53:52.191,1.23173,1.23177
EUR/USD,20180402 04:58:57.621,1.23165,1.23169
EUR/USD,20180402 05:04:05.693,1.23164,1.2316799999999999
EUR/USD,20180402 05:09:14.433,1.23159,1.23163
EUR/USD,20180402 05:14:15.379,1.23163,1.2316799999999999
EUR/USD,20180402 05:19:22.191,1.2316,1.23163
EUR/USD,20180402 05:24:42.165,1.2316,1.23163
EUR/USD,20180402 05:29:48.465,1.23153,1.23158
EUR/USD,20180402 05:34:52.847,1.23137,1.2314100000000001
EUR/USD,20180402 05:40:09.682,1.23137,1.23143
EUR/USD,20180402 05:45:15.560,1.23153,1.23157
EUR/USD,20180402 05:50:18.652,1.23161,1.23164
EUR/USD,20180402 05:55:19.842,1.23153,1.23158
EUR/USD,20180402 06:00:21.065,1.23164,1.2316799999999999
EUR/USD,20180402 06:05:22.883,1.2317200000000001,1.23176
EUR/USD,20180402 06:10:25.560,1.23163,1.2316799999999999
EUR/USD,20180402 06:15:33.042,1.23164,1.2316799999999999
EUR/USD,20180402 06:20:47.519,1.23145,1.23149
EUR/USD,20180402 06:25:47.580,1.23129,1.23133
EUR/USD,20180402 06:30:49.094,1.23146,1.23148
EUR/USD,20180402 06:36:00.104,1.23164,1.23169
EUR/USD,20180402 06:41:06.924,1.2318,1.23183
EUR/USD,20180402 06:46:07.044,1.2318,1.23183
EUR/USD,20180402 06:51:10.156,1.23184,1.23184
EUR/USD,20180402 06:56:12.280,1.23197,1.232
EUR/USD,20180402 07:01:16.016,1.2322799999999998,1.23232
EUR/USD,20180402 07:06:16.162,1.2326,1.23263
EUR/USD,20180402 07:11:20.240,1.23225,1.2322799999999998
EUR/USD,20180402 07:16:34.153,1.2321600000000001,1.2321799999999998
EUR/USD,20180402 07:21:38.445,1.23219,1.23224
EUR/USD,20180402 07:26:43.756,1.23224,1.2322799999999998
EUR/USD,20180402 07:32:02.874,1.23238,1.23242
EUR/USD,20180402 07:37:04.201,1.23237,1.23243
EUR/USD,20180402 07:42:11.916,1.23238,1.23245
EUR/USD,20180402 07:47:12.058,1.2327299999999999,1.2327700000000001
EUR/USD,20180402 07:52:12.216,1.23288,1.23292
EUR/USD,20180402 07:57:13.880,1.2330299999999998,1.23307
EUR/USD,20180402 08:02:16.287,1.23299,1.2330299999999998
EUR/USD,20180402 08:07:19.786,1.23302,1.23305
EUR/USD,20180402 08:12:22.208,1.2331299999999998,1.23317
EUR/USD,20180402 08:17:23.932,1.23302,1.23306
EUR/USD,20180402 08:22:26.149,1.23306,1.23311
EUR/USD,20180402 08:27:33.514,1.2329,1.23295
EUR/USD,20180402 08:33:00.880,1.2329700000000001,1.2329999999999999
EUR/USD,20180402 08:38:03.026,1.23296,1.2329999999999999
EUR/USD,20180402 08:43:15.394,1.23285,1.2329
EUR/USD,20180402 08:48:23.976,1.23289,1.23292
EUR/USD,20180402 08:53:31.873,1.23295,1.2329999999999999
EUR/USD,20180402 08:58:42.537,1.2329700000000001,1.23302
EUR/USD,20180402 09:03:45.000,1.23294,1.23299
EUR/USD,20180402 09:08:51.650,1.23304,1.23307
EUR/USD,20180402 09:13:51.721,1.23312,1.23317
EUR/USD,20180402 09:18:59.897,1.23315,1.23318
EUR/USD,20180402 09:24:05.896,1.23298,1.23302
EUR/USD,20180402 09:29:10.514,1.2330299999999998,1.23307
EUR/USD,20180402 09:34:13.916,1.23304,1.23308
EUR/USD,20180402 09:39:17.041,1.23309,1.23311
EUR/USD,20180402 09:44:32.802,1.23318,1.23322
EUR/USD,20180402 09:49:44.123,1.2331299999999998,1.23317
EUR/USD,20180402 09:54:48.079,1.2331299999999998,1.23317
EUR/USD,20180402 09:59:51.211,1.23312,1.23317
EUR/USD,20180402 10:04:54.697,1.23298,1.2329999999999999
EUR/USD,20180402 10:10:00.812,1.23272,1.23276
EUR/USD,20180402 10:15:12.449,1.23284,1.23288
EUR/USD,20180402 10:20:13.115,1.23282,1.23285
EUR/USD,20180402 10:25:15.167,1.2328700000000001,1.2329
EUR/USD,20180402 10:30:17.042,1.2328299999999999,1.23288
EUR/USD,20180402 10:35:20.576,1.23282,1.23285
EUR/USD,20180402 10:40:25.783,1.23279,1.2328
EUR/USD,20180402 10:45:29.666,1.23272,1.23276
EUR/USD,20180402 10:50:38.631,1.23274,1.2327700000000001
EUR/USD,20180402 10:55:40.113,1.23275,1.2328
EUR/USD,20180402 11:00:41.456,1.23281,1.2328299999999999
EUR/USD,20180402 11:05:58.177,1.23292,1.23296
EUR/USD,20180402 11:10:58.399,1.23301,1.23304
EUR/USD,20180402 11:16:03.801,1.23302,1.23306
EUR/USD,20180402 11:21:07.189,1.23304,1.2331
EUR/USD,20180402 11:26:14.914,1.23302,1.23305
EUR/USD,20180402 11:31:14.997,1.23312,1.23315
EUR/USD,20180402 11:36:22.389,1.23351,1.23355
EUR/USD,20180402 11:41:22.412,1.23364,1.23366
EUR/USD,20180402 11:46:33.847,1.23381,1.23386
EUR/USD,20180402 11:51:36.811,1.23375,1.23379
EUR/USD,20180402 11:56:37.686,1.23373,1.23376
EUR/USD,20180402 12:01:37.935,1.23425,1.2342799999999998
EUR/USD,20180402 12:06:46.734,1.2341,1.23414
EUR/USD,20180402 12:11:50.719,1.2341799999999998,1.23423
EUR/USD,20180402 12:16:53.290,1.23393,1.23397
EUR/USD,20180402 12:21:53.321,1.23414,1.2341799999999998
EUR/USD,20180402 12:26:53.350,1.23412,1.2341600000000001
EUR/USD,20180402 12:31:56.236,1.2338799999999999,1.23391
EUR/USD,20180402 12:37:00.916,1.23366,1.2337
EUR/USD,20180402 12:42:01.894,1.23353,1.23356
EUR/USD,20180402 12:47:04.387,1.23358,1.2336200000000002
EUR/USD,20180402 12:52:05.811,1.2336799999999999,1.23371
EUR/USD,20180402 12:57:10.888,1.23377,1.23381
EUR/USD,20180402 13:02:11.085,1.2335,1.2335399999999999
EUR/USD,20180402 13:07:11.095,1.23351,1.2335399999999999
EUR/USD,20180402 13:12:18.810,1.23357,1.23361
EUR/USD,20180402 13:17:18.891,1.2336200000000002,1.23366
EUR/USD,20180402 13:22:19.731,1.23336,1.2334
EUR/USD,20180402 13:27:21.732,1.23306,1.23311
EUR/USD,20180402 13:32:23.198,1.23326,1.23328
EUR/USD,20180402 13:37:23.683,1.23272,1.23276
EUR/USD,20180402 13:42:23.805,1.2327299999999999,1.23276
EUR/USD,20180402 13:47:24.146,1.2322,1.23223
EUR/USD,20180402 13:52:24.177,1.23186,1.23189
EUR/USD,20180402 13:57:25.916,1.23205,1.23209
EUR/USD,20180402 14:02:25.939,1.2318799999999999,1.23191
EUR/USD,20180402 14:07:27.498,1.2315399999999999,1.23158
EUR/USD,20180402 14:12:27.557,1.23204,1.23206
EUR/USD,20180402 14:17:27.775,1.2322799999999998,1.23231
EUR/USD,20180402 14:22:27.927,1.23263,1.2326700000000002
EUR/USD,20180402 14:27:28.673,1.2326700000000002,1.23271
EUR/USD,20180402 14:32:29.096,1.23289,1.23292
EUR/USD,20180402 14:37:29.615,1.23325,1.23328
EUR/USD,20180402 14:42:31.135,1.2332,1.23325
EUR/USD,20180402 14:47:32.515,1.23288,1.23291
EUR/USD,20180402 14:52:32.663,1.23232,1.23235
EUR/USD,20180402 14:57:34.616,1.23173,1.23176
EUR/USD,20180402 15:02:34.706,1.2303600000000001,1.23041
EUR/USD,20180402 15:07:36.980,1.23014,1.23019
EUR/USD,20180402 15:12:37.037,1.23066,1.23072
EUR/USD,20180402 15:17:39.573,1.23055,1.2306
EUR/USD,20180402 15:22:40.266,1.23021,1.2302600000000001
EUR/USD,20180402 15:27:41.935,1.23044,1.23048
EUR/USD,20180402 15:32:42.356,1.23042,1.23046
EUR/USD,20180402 15:37:42.475,1.2286700000000002,1.22875
EUR/USD,20180402 15:42:48.693,1.2286,1.22865
EUR/USD,20180402 15:47:50.447,1.22898,1.22901
EUR/USD,20180402 15:52:50.448,1.2287700000000001,1.2288
EUR/USD,20180402 15:57:50.664,1.22865,1.22868
EUR/USD,20180402 16:02:51.785,1.22896,1.229
EUR/USD,20180402 16:07:56.369,1.22886,1.22889
EUR/USD,20180402 16:12:57.683,1.22912,1.22916
EUR/USD,20180402 16:17:57.912,1.2292100000000001,1.2292399999999999
EUR/USD,20180402 16:23:00.658,1.22917,1.2292
EUR/USD,20180402 16:28:01.278,1.22907,1.2291
EUR/USD,20180402 16:33:01.287,1.22912,1.22916
EUR/USD,20180402 16:38:11.671,1.22888,1.22891
EUR/USD,20180402 16:43:13.787,1.22894,1.22896
EUR/USD,20180402 16:48:15.086,1.22902,1.22906
EUR/USD,20180402 16:53:15.102,1.22888,1.22891
EUR/USD,20180402 16:58:15.394,1.22927,1.2293
EUR/USD,20180402 17:03:16.556,1.22915,1.22918
EUR/USD,20180402 17:08:16.876,1.22907,1.22909
EUR/USD,20180402 17:13:17.869,1.2290299999999998,1.22905
EUR/USD,20180402 17:18:17.994,1.22901,1.22904
EUR/USD,20180402 17:23:18.033,1.2292,1.22922
EUR/USD,20180402 17:28:19.776,1.229,1.22904
EUR/USD,20180402 17:33:19.830,1.22925,1.22929
EUR/USD,20180402 17:38:20.281,1.2294399999999999,1.22947
EUR/USD,20180402 17:43:23.195,1.2296799999999999,1.22973
EUR/USD,20180402 17:48:23.459,1.23015,1.23019
EUR/USD,20180402 17:53:23.758,1.23022,1.23025
EUR/USD,20180402 17:58:25.526,1.23024,1.2302899999999999
EUR/USD,20180402 18:03:26.580,1.23059,1.23063
EUR/USD,20180402 18:08:27.389,1.23053,1.2305700000000002
EUR/USD,20180402 18:13:27.813,1.23045,1.23048
EUR/USD,20180402 18:18:29.725,1.23043,1.23046
EUR/USD,20180402 18:23:29.756,1.23038,1.2303899999999999
EUR/USD,20180402 18:28:30.879,1.2303,1.23033
EUR/USD,20180402 18:33:30.889,1.2302600000000001,1.2302899999999999
EUR/USD,20180402 18:38:36.564,1.23035,1.2303899999999999
EUR/USD,20180402 18:43:36.774,1.23035,1.23038
EUR/USD,20180402 18:48:39.847,1.23019,1.23025
EUR/USD,20180402 18:53:45.867,1.22999,1.2300200000000001
EUR/USD,20180402 18:58:47.028,1.23015,1.23019
EUR/USD,20180402 19:03:47.430,1.23003,1.23007
EUR/USD,20180402 19:08:48.166,1.2302799999999998,1.23032
EUR/USD,20180402 19:13:51.858,1.23024,1.2302799999999998
EUR/USD,20180402 19:18:51.944,1.23019,1.23024
EUR/USD,20180402 19:23:54.463,1.23013,1.23017
EUR/USD,20180402 19:28:54.551,1.23001,1.23004
EUR/USD,20180402 19:33:56.908,1.2300200000000001,1.23005
EUR/USD,20180402 19:38:58.457,1.23011,1.23015
EUR/USD,20180402 19:44:03.717,1.23001,1.23004
EUR/USD,20180402 19:49:03.837,1.2301600000000001,1.23019
EUR/USD,20180402 19:54:06.298,1.23011,1.23015
EUR/USD,20180402 19:59:06.374,1.23044,1.2304899999999999
EUR/USD,20180402 20:04:09.176,1.23053,1.23056
EUR/USD,20180402 20:09:13.832,1.2302799999999998,1.23034
EUR/USD,20180402 20:14:14.786,1.23019,1.23023
EUR/USD,20180402 20:19:16.105,1.2301799999999998,1.23024
EUR/USD,20180402 20:24:17.677,1.2302,1.23023
EUR/USD,20180402 20:29:21.898,1.23019,1.23025
EUR/USD,20180402 20:34:30.297,1.2302,1.23025
EUR/USD,20180402 20:39:39.742,1.23017,1.2302
EUR/USD,20180402 20:44:51.672,1.23013,1.2301799999999998
EUR/USD,20180402 20:49:51.776,1.23007,1.23013
EUR/USD,20180402 20:54:54.253,1.23011,1.2301799999999998
EUR/USD,20180402 20:59:56.169,1.23003,1.23034
EUR/USD,20180402 21:04:57.854,1.23035,1.23098
EUR/USD,20180402 21:10:00.265,1.23027,1.23058
EUR/USD,20180402 21:15:00.324,1.23032,1.23052
EUR/USD,20180402 21:20:00.332,1.23025,1.23041
EUR/USD,20180402 21:25:01.834,1.2301600000000001,1.23041
EUR/USD,20180402 21:30:01.901,1.23009,1.23025
EUR/USD,20180402 21:35:05.981,1.23021,1.2303
EUR/USD,20180402 21:40:06.622,1.23009,1.23019
EUR/USD,20180402 21:45:20.921,1.23024,1.2303600000000001
EUR/USD,20180402 21:50:21.807,1.2302,1.2302899999999999
EUR/USD,20180402 21:55:23.198,1.2301799999999998,1.23025
EUR/USD,20180402 22:00:24.820,1.23015,1.23027
EUR/USD,20180402 22:05:27.692,1.2302799999999998,1.23035
EUR/USD,20180402 22:10:34.943,1.23024,1.2303
EUR/USD,20180402 22:15:39.580,1.23022,1.2302899999999999
EUR/USD,20180402 22:20:53.512,1.23013,1.23019
EUR/USD,20180402 22:25:55.826,1.22991,1.2299799999999999
EUR/USD,20180402 22:31:05.235,1.22993,1.2299799999999999
EUR/USD,20180402 22:36:14.674,1.22983,1.2298799999999999
EUR/USD,20180402 22:41:22.714,1.22993,1.23
EUR/USD,20180402 22:46:24.240,1.22996,1.23003
EUR/USD,20180402 22:51:24.662,1.23003,1.2300799999999998
EUR/USD,20180402 22:56:30.181,1.23004,1.23011
EUR/USD,20180402 23:01:31.885,1.23012,1.23015
EUR/USD,20180402 23:06:39.188,1.23017,1.23022
EUR/USD,20180402 23:11:51.859,1.23013,1.23021
EUR/USD,20180402 23:17:07.745,1.23,1.23005
EUR/USD,20180402 23:22:13.007,1.23006,1.23011
EUR/USD,20180402 23:27:29.800,1.22995,1.23
EUR/USD,20180402 23:32:30.837,1.2298200000000001,1.22984
EUR/USD,20180402 23:37:32.733,1.22983,1.22985
EUR/USD,20180402 23:42:35.717,1.22953,1.22955
EUR/USD,20180402 23:47:38.216,1.22948,1.2295399999999999
EUR/USD,20180402 23:52:43.003,1.22928,1.22932
EUR/USD,20180402 23:57:45.133,1.2293399999999999,1.22938
EUR/USD,20180403 00:02:45.209,1.22949,1.22953
EUR/USD,20180403 00:07:47.062,1.22964,1.22967
EUR/USD,20180403 00:12:49.476,1.22953,1.22956
EUR/USD,20180403 00:17:50.439,1.22971,1.22974
EUR/USD,20180403 00:22:51.236,1.2298799999999999,1.22989
EUR/USD,20180403 00:27:51.701,1.2300799999999998,1.2301
EUR/USD,20180403 00:32:52.718,1.23,1.2300200000000001
EUR/USD,20180403 00:37:53.809,1.22994,1.22997
EUR/USD,20180403 00:42:53.863,1.23001,1.2300200000000001
EUR/USD,20180403 00:47:55.685,1.22999,1.23003
EUR/USD,20180403 00:53:08.852,1.23035,1.2303899999999999
EUR/USD,20180403 00:58:09.643,1.23009,1.23013
EUR/USD,20180403 01:03:16.780,1.2302799999999998,1.23032
EUR/USD,20180403 01:08:16.815,1.23033,1.2303600000000001
EUR/USD,20180403 01:13:17.096,1.23063,1.23066
EUR/USD,20180403 01:18:20.719,1.23079,1.23082
EUR/USD,20180403 01:23:28.704,1.23056,1.23059
EUR/USD,20180403 01:28:35.651,1.2302600000000001,1.2302799999999998
EUR/USD,20180403 01:33:36.396,1.22999,1.2300200000000001
EUR/USD,20180403 01:38:36.527,1.22981,1.22984
EUR/USD,20180403 01:43:36.982,1.22986,1.22989
EUR/USD,20180403 01:48:37.008,1.22984,1.22987
EUR/USD,20180403 01:53:39.896,1.23017,1.23019
EUR/USD,20180403 01:58:41.336,1.23027,1.2302899999999999
EUR/USD,20180403 02:03:45.804,1.23045,1.2304899999999999
EUR/USD,20180403 02:08:48.856,1.23027,1.23033
EUR/USD,20180403 02:14:03.053,1.2303899999999999,1.23045
EUR/USD,20180403 02:19:10.064,1.23044,1.23048
EUR/USD,20180403 02:24:10.759,1.23059,1.23063
EUR/USD,20180403 02:29:15.551,1.23069,1.23072
EUR/USD,20180403 02:34:22.826,1.23063,1.23068
EUR/USD,20180403 02:39:23.010,1.23055,1.23059
EUR/USD,20180403 02:44:23.394,1.23059,1.23063
EUR/USD,20180403 02:49:33.369,1.2306,1.23065
EUR/USD,20180403 02:54:38.162,1.23065,1.2307
EUR/USD,20180403 02:59:41.073,1.23074,1.23078
EUR/USD,20180403 03:04:44.837,1.23102,1.23106
EUR/USD,20180403 03:09:51.053,1.2307700000000001,1.2308299999999999
EUR/USD,20180403 03:14:52.926,1.2307,1.23072
EUR/USD,20180403 03:19:54.456,1.23086,1.23089
EUR/USD,20180403 03:24:54.577,1.23082,1.2308299999999999
EUR/USD,20180403 03:29:54.750,1.23089,1.23092
EUR/USD,20180403 03:34:56.416,1.23085,1.2308700000000001
EUR/USD,20180403 03:39:56.724,1.23075,1.23079
EUR/USD,20180403 03:45:02.032,1.23069,1.2307299999999999
EUR/USD,20180403 03:50:04.276,1.2307,1.23074
EUR/USD,20180403 03:55:09.036,1.23075,1.2307700000000001
EUR/USD,20180403 04:00:13.055,1.23053,1.23058
EUR/USD,20180403 04:05:13.236,1.23055,1.2305700000000002
EUR/USD,20180403 04:10:13.364,1.23055,1.23059
EUR/USD,20180403 04:15:24.193,1.23062,1.23065
EUR/USD,20180403 04:20:26.994,1.23061,1.23065
EUR/USD,20180403 04:25:29.433,1.2306,1.23064
EUR/USD,20180403 04:30:30.006,1.23075,1.2307700000000001
EUR/USD,20180403 04:35:36.874,1.2307,1.23074
EUR/USD,20180403 04:40:37.014,1.23099,1.2310299999999998
EUR/USD,20180403 04:45:45.382,1.2309,1.2309299999999999
EUR/USD,20180403 04:50:48.092,1.23091,1.2309299999999999
EUR/USD,20180403 04:55:51.997,1.23085,1.23088
EUR/USD,20180403 05:00:54.420,1.23096,1.2309999999999999
EUR/USD,20180403 05:06:02.057,1.23091,1.23094
EUR/USD,20180403 05:11:02.968,1.23071,1.23075
EUR/USD,20180403 05:16:06.274,1.23058,1.23062
EUR/USD,20180403 05:21:08.847,1.2304700000000002,1.23051
EUR/USD,20180403 05:26:16.696,1.2304700000000002,1.2304899999999999
EUR/USD,20180403 05:31:22.379,1.23071,1.2307299999999999
EUR/USD,20180403 05:36:22.687,1.23071,1.23074
EUR/USD,20180403 05:41:22.919,1.23085,1.23089
EUR/USD,20180403 05:46:23.344,1.2308700000000001,1.2309
EUR/USD,20180403 05:51:31.763,1.23086,1.2309
EUR/USD,20180403 05:56:43.089,1.23086,1.2309
EUR/USD,20180403 06:01:45.988,1.2305700000000002,1.23061
EUR/USD,20180403 06:06:48.106,1.2310299999999998,1.23109
EUR/USD,20180403 06:11:48.154,1.23143,1.23146
EUR/USD,20180403 06:16:49.141,1.23114,1.23115
EUR/USD,20180403 06:21:56.628,1.23128,1.23133
EUR/USD,20180403 06:26:58.826,1.2313,1.2313399999999999
EUR/USD,20180403 06:31:59.101,1.23137,1.2314
EUR/USD,20180403 06:36:59.110,1.23155,1.23158
EUR/USD,20180403 06:42:00.268,1.23163,1.23164
EUR/USD,20180403 06:47:00.590,1.23156,1.23159
EUR/USD,20180403 06:52:00.911,1.23194,1.2319799999999999
EUR/USD,20180403 06:57:02.207,1.23213,1.23215
EUR/USD,20180403 07:02:02.390,1.23213,1.23217
EUR/USD,20180403 07:07:08.531,1.23279,1.2328299999999999
EUR/USD,20180403 07:12:09.826,1.23264,1.23266
EUR/USD,20180403 07:17:10.134,1.23324,1.23327
EUR/USD,20180403 07:22:10.665,1.23324,1.23328
EUR/USD,20180403 07:27:10.829,1.23325,1.23327
EUR/USD,20180403 07:32:11.095,1.23255,1.2326
EUR/USD,20180403 07:37:11.184,1.2326700000000002,1.23269
EUR/USD,20180403 07:42:11.372,1.2332100000000001,1.23324
EUR/USD,20180403 07:47:12.215,1.23274,1.23278
EUR/USD,20180403 07:52:12.221,1.2322899999999999,1.2323
EUR/USD,20180403 07:57:12.823,1.2324,1.23245
EUR/USD,20180403 08:02:12.877,1.23243,1.23246
EUR/USD,20180403 08:07:18.283,1.23187,1.23191
EUR/USD,20180403 08:12:19.113,1.2323,1.23232
EUR/USD,20180403 08:17:19.137,1.23248,1.2325
EUR/USD,20180403 08:22:19.844,1.23264,1.2326700000000002
EUR/USD,20180403 08:27:19.927,1.23275,1.23276
EUR/USD,20180403 08:32:21.034,1.23279,1.23282
EUR/USD,20180403 08:37:22.061,1.23274,1.23274
EUR/USD,20180403 08:42:24.356,1.23261,1.23264
EUR/USD,20180403 08:47:26.767,1.2322899999999999,1.23232
EUR/USD,20180403 08:52:27.323,1.23212,1.23215
EUR/USD,20180403 08:57:27.803,1.23164,1.23167
EUR/USD,20180403 09:02:27.871,1.23184,1.2318799999999999
EUR/USD,20180403 09:07:28.078,1.23146,1.23149
EUR/USD,20180403 09:12:28.150,1.23147,1.2315
EUR/USD,20180403 09:17:30.240,1.23119,1.23119
EUR/USD,20180403 09:22:31.494,1.23091,1.23095
EUR/USD,20180403 09:27:31.933,1.2307700000000001,1.23081
EUR/USD,20180403 09:32:32.731,1.23084,1.2308700000000001
EUR/USD,20180403 09:37:33.306,1.2309,1.2309299999999999
EUR/USD,20180403 09:42:33.537,1.23061,1.23061
EUR/USD,20180403 09:47:35.239,1.23082,1.23084
EUR/USD,20180403 09:52:36.013,1.2308,1.2308
EUR/USD,20180403 09:57:38.888,1.23102,1.23106
EUR/USD,20180403 10:02:45.333,1.2309700000000001,1.23101
EUR/USD,20180403 10:07:47.680,1.23153,1.23156
EUR/USD,20180403 10:12:48.019,1.2313100000000001,1.23135
EUR/USD,20180403 10:17:48.374,1.23125,1.23129
EUR/USD,20180403 10:22:50.334,1.2313399999999999,1.23137
EUR/USD,20180403 10:27:52.482,1.23128,1.2313100000000001
EUR/USD,20180403 10:32:52.828,1.23096,1.2309999999999999
EUR/USD,20180403 10:37:59.821,1.23061,1.23065
EUR/USD,20180403 10:43:00.120,1.23001,1.23004
EUR/USD,20180403 10:48:00.913,1.22936,1.2294100000000001
EUR/USD,20180403 10:53:01.221,1.2292,1.2292399999999999
EUR/USD,20180403 10:58:01.983,1.22898,1.22898
EUR/USD,20180403 11:03:03.369,1.2287299999999999,1.22876
EUR/USD,20180403 11:08:05.327,1.22916,1.22919
EUR/USD,20180403 11:13:06.903,1.22933,1.22937
EUR/USD,20180403 11:18:07.438,1.22928,1.22932
EUR/USD,20180403 11:23:09.048,1.22918,1.2292
EUR/USD,20180403 11:28:12.014,1.22939,1.2294100000000001
EUR/USD,20180403 11:33:12.037,1.22951,1.22955
EUR/USD,20180403 11:38:12.370,1.23014,1.2301799999999998
EUR/USD,20180403 11:43:12.372,1.22961,1.22964
EUR/USD,20180403 11:48:12.401,1.2301799999999998,1.23021
EUR/USD,20180403 11:53:17.061,1.23037,1.2304
EUR/USD,20180403 11:58:17.121,1.23014,1.23017
EUR/USD,20180403 12:03:18.491,1.2303600000000001,1.23038
EUR/USD,20180403 12:08:18.612,1.23044,1.23046
EUR/USD,20180403 12:13:20.639,1.23082,1.23086
EUR/USD,20180403 12:18:22.628,1.2309299999999999,1.2309700000000001
EUR/USD,20180403 12:23:28.310,1.2309700000000001,1.23101
EUR/USD,20180403 12:28:31.655,1.2314100000000001,1.23143
EUR/USD,20180403 12:33:36.429,1.23076,1.23081
EUR/USD,20180403 12:38:36.513,1.23042,1.23046
EUR/USD,20180403 12:43:37.845,1.22984,1.22987
EUR/USD,20180403 12:48:38.490,1.22958,1.2296200000000002
EUR/USD,20180403 12:53:41.261,1.22948,1.22951
EUR/USD,20180403 12:58:41.514,1.22959,1.22963
EUR/USD,20180403 13:03:41.955,1.2295399999999999,1.22957
EUR/USD,20180403 13:08:42.507,1.2293,1.22933
EUR/USD,20180403 13:13:42.737,1.22763,1.2276799999999999
EUR/USD,20180403 13:18:42.908,1.2265700000000002,1.22661
EUR/USD,20180403 13:23:43.296,1.22656,1.22659
EUR/USD,20180403 13:28:44.215,1.22653,1.22656
EUR/USD,20180403 13:33:44.999,1.22584,1.2258799999999999
EUR/USD,20180403 13:38:47.341,1.22627,1.2263
EUR/USD,20180403 13:43:49.779,1.2263600000000001,1.2263899999999999
EUR/USD,20180403 13:48:50.249,1.2264700000000002,1.22651
EUR/USD,20180403 13:53:51.163,1.2264,1.22643
EUR/USD,20180403 13:58:51.172,1.22596,1.22599
EUR/USD,20180403 14:03:51.463,1.22643,1.22646
EUR/USD,20180403 14:08:53.598,1.2261799999999998,1.22621
EUR/USD,20180403 14:13:53.670,1.22564,1.2256799999999999
EUR/USD,20180403 14:18:53.790,1.22606,1.2261
EUR/USD,20180403 14:23:54.046,1.2261,1.22613
EUR/USD,20180403 14:28:56.437,1.22606,1.2261
EUR/USD,20180403 14:34:00.408,1.22648,1.22651
EUR/USD,20180403 14:39:01.460,1.22623,1.22627
EUR/USD,20180403 14:44:01.725,1.22609,1.22613
EUR/USD,20180403 14:49:02.018,1.2268700000000001,1.2269
EUR/USD,20180403 14:54:02.511,1.22686,1.2269
EUR/USD,20180403 14:59:03.737,1.22722,1.2272399999999999
EUR/USD,20180403 15:04:05.504,1.22722,1.22725
EUR/USD,20180403 15:09:07.477,1.2275,1.2275200000000002
EUR/USD,20180403 15:14:07.857,1.22733,1.22735
EUR/USD,20180403 15:19:09.628,1.22698,1.22702
EUR/USD,20180403 15:24:09.638,1.22698,1.22702
EUR/USD,20180403 15:29:10.880,1.2271299999999998,1.22717
EUR/USD,20180403 15:34:12.759,1.2273,1.2273399999999999
EUR/USD,20180403 15:39:13.052,1.2272299999999998,1.22727
EUR/USD,20180403 15:44:13.337,1.22634,1.2263700000000002
EUR/USD,20180403 15:49:13.343,1.22624,1.2262899999999999
EUR/USD,20180403 15:54:15.957,1.22628,1.22631
EUR/USD,20180403 15:59:17.964,1.22613,1.22617
EUR/USD,20180403 16:04:19.962,1.22613,1.2261600000000001
EUR/USD,20180403 16:09:19.994,1.22628,1.22632
EUR/USD,20180403 16:14:20.390,1.22585,1.22586
EUR/USD,20180403 16:19:21.269,1.22617,1.22621
EUR/USD,20180403 16:24:21.960,1.22623,1.22628
EUR/USD,20180403 16:29:21.983,1.22676,1.22679
EUR/USD,20180403 16:34:23.008,1.227,1.22704
EUR/USD,20180403 16:39:23.078,1.22681,1.22685
EUR/USD,20180403 16:44:23.109,1.2263,1.22634
EUR/USD,20180403 16:49:23.975,1.22628,1.22633
EUR/USD,20180403 16:54:25.568,1.22631,1.22634
EUR/USD,20180403 16:59:25.994,1.2266299999999999,1.22666
EUR/USD,20180403 17:04:26.614,1.22659,1.22662
EUR/USD,20180403 17:09:27.303,1.22664,1.22668
EUR/USD,20180403 17:14:31.154,1.22661,1.22662
EUR/USD,20180403 17:19:36.357,1.22676,1.22681
EUR/USD,20180403 17:24:36.886,1.22659,1.2266299999999999
EUR/USD,20180403 17:29:37.038,1.22695,1.22698
EUR/USD,20180403 17:34:38.357,1.227,1.22705
EUR/USD,20180403 17:39:38.392,1.22737,1.2274100000000001
EUR/USD,20180403 17:44:38.590,1.22706,1.2271
EUR/USD,20180403 17:49:42.915,1.2269299999999999,1.22696
EUR/USD,20180403 17:54:48.685,1.2267299999999999,1.22678
EUR/USD,20180403 17:59:48.850,1.2263899999999999,1.22642
EUR/USD,20180403 18:04:52.215,1.22653,1.2265700000000002
EUR/USD,20180403 18:09:55.537,1.22644,1.2264700000000002
EUR/USD,20180403 18:14:55.943,1.22633,1.22638
EUR/USD,20180403 18:19:58.222,1.2264899999999999,1.22652
EUR/USD,20180403 18:25:00.053,1.22645,1.2264899999999999
EUR/USD,20180403 18:30:00.402,1.22651,1.22654
EUR/USD,20180403 18:35:00.446,1.2268,1.2268299999999999
EUR/USD,20180403 18:40:00.660,1.22661,1.22666
EUR/USD,20180403 18:45:03.038,1.22678,1.22681
EUR/USD,20180403 18:50:03.301,1.2268700000000001,1.2269
EUR/USD,20180403 18:55:05.065,1.22681,1.2268299999999999
EUR/USD,20180403 19:00:05.464,1.22668,1.2267299999999999
EUR/USD,20180403 19:05:05.582,1.22662,1.22666
EUR/USD,20180403 19:10:07.974,1.22694,1.227
EUR/USD,20180403 19:15:11.856,1.22702,1.22707
EUR/USD,20180403 19:20:13.309,1.22695,1.22699
EUR/USD,20180403 19:25:14.471,1.22705,1.22708
EUR/USD,20180403 19:30:14.955,1.22644,1.2264899999999999
EUR/USD,20180403 19:35:17.093,1.22642,1.22648
EUR/USD,20180403 19:40:18.045,1.22625,1.22628
EUR/USD,20180403 19:45:19.673,1.2263899999999999,1.22643
EUR/USD,20180403 19:50:20.225,1.22654,1.22658
EUR/USD,20180403 19:55:23.102,1.2266700000000001,1.22671
EUR/USD,20180403 20:00:24.517,1.22643,1.22648
EUR/USD,20180403 20:05:27.339,1.22646,1.22653
EUR/USD,20180403 20:10:29.636,1.22676,1.22679
EUR/USD,20180403 20:15:29.651,1.22704,1.22708
EUR/USD,20180403 20:20:31.731,1.2270299999999998,1.22707
EUR/USD,20180403 20:25:34.068,1.22706,1.22709
EUR/USD,20180403 20:30:42.211,1.227,1.22704
EUR/USD,20180403 20:35:42.359,1.22712,1.22715
EUR/USD,20180403 20:40:44.478,1.22707,1.22712
EUR/USD,20180403 20:45:45.220,1.22701,1.22705
EUR/USD,20180403 20:50:51.944,1.22682,1.2268299999999999
EUR/USD,20180403 20:56:00.258,1.22682,1.22688
EUR/USD,20180403 21:01:03.062,1.22682,1.22714
EUR/USD,20180403 21:06:11.051,1.227,1.2272100000000001
EUR/USD,20180403 21:11:12.580,1.22682,1.22707
EUR/USD,20180403 21:16:12.584,1.22676,1.22706
EUR/USD,20180403 21:21:14.618,1.2269700000000001,1.22707
EUR/USD,20180403 21:26:21.602,1.2266299999999999,1.22706
EUR/USD,20180403 21:31:21.608,1.2266299999999999,1.22672
EUR/USD,20180403 21:36:22.960,1.22658,1.2267299999999999
EUR/USD,20180403 21:41:26.489,1.2267299999999999,1.2270299999999998
EUR/USD,20180403 21:46:27.576,1.2268,1.22695
EUR/USD,20180403 21:51:43.260,1.22696,1.22707
EUR/USD,20180403 21:56:53.632,1.2268700000000001,1.2269700000000001
EUR/USD,20180403 22:01:54.645,1.2269700000000001,1.22705
EUR/USD,20180403 22:06:54.698,1.22704,1.2271100000000001
EUR/USD,20180403 22:11:56.311,1.227,1.22712
EUR/USD,20180403 22:17:01.249,1.2270299999999998,1.2271100000000001
EUR/USD,20180403 22:22:01.553,1.22716,1.2272399999999999
EUR/USD,20180403 22:27:13.621,1.22715,1.2272399999999999
EUR/USD,20180403 22:32:22.540,1.22716,1.22722
EUR/USD,20180403 22:37:33.185,1.2271,1.22718
EUR/USD,20180403 22:42:34.042,1.2271299999999998,1.22717
EUR/USD,20180403 22:47:36.944,1.22708,1.2272
EUR/USD,20180403 22:52:41.776,1.22712,1.22717
EUR/USD,20180403 22:57:48.335,1.2272399999999999,1.2273
EUR/USD,20180403 23:02:48.614,1.22719,1.2272299999999998
EUR/USD,20180403 23:07:56.953,1.2271,1.22715
EUR/USD,20180403 23:13:28.748,1.22706,1.2271100000000001
EUR/USD,20180403 23:18:33.173,1.22695,1.227
EUR/USD,20180403 23:23:39.855,1.2269,1.22695
EUR/USD,20180403 23:28:44.221,1.22702,1.22705
EUR/USD,20180403 23:33:45.275,1.22719,1.2272399999999999
EUR/USD,20180403 23:38:46.656,1.22726,1.2273
EUR/USD,20180403 23:43:48.846,1.22727,1.2273100000000001
EUR/USD,20180403 23:48:48.905,1.22737,1.2274200000000002
EUR/USD,20180403 23:53:52.588,1.22773,1.22777
EUR/USD,20180403 23:58:58.466,1.2278,1.22781
EUR/USD,20180404 00:04:01.358,1.2276200000000002,1.22766
EUR/USD,20180404 00:09:04.655,1.22763,1.22767
EUR/USD,20180404 00:14:10.389,1.22736,1.22739
EUR/USD,20180404 00:19:12.146,1.2274200000000002,1.22745
EUR/USD,20180404 00:24:15.202,1.22746,1.22751
EUR/USD,20180404 00:29:15.909,1.22746,1.22749
EUR/USD,20180404 00:34:21.859,1.2275200000000002,1.22755
EUR/USD,20180404 00:39:36.044,1.22736,1.22739
EUR/USD,20180404 00:44:36.973,1.2273100000000001,1.22733
EUR/USD,20180404 00:49:39.628,1.22746,1.22749
EUR/USD,20180404 00:54:39.783,1.22795,1.22795
EUR/USD,20180404 00:59:41.536,1.22786,1.22791
EUR/USD,20180404 01:04:42.032,1.22774,1.2277799999999999
EUR/USD,20180404 01:09:47.705,1.22787,1.22791
EUR/USD,20180404 01:14:50.120,1.22781,1.22787
EUR/USD,20180404 01:19:51.335,1.22771,1.22774
EUR/USD,20180404 01:24:52.404,1.2276200000000002,1.22765
EUR/USD,20180404 01:29:54.670,1.22763,1.22769
EUR/USD,20180404 01:35:02.103,1.22743,1.22745
EUR/USD,20180404 01:40:05.145,1.22759,1.2276200000000002
EUR/USD,20180404 01:45:05.211,1.22756,1.2276200000000002
EUR/USD,20180404 01:50:05.390,1.2278200000000001,1.22785
EUR/USD,20180404 01:55:05.481,1.2277799999999999,1.22783
EUR/USD,20180404 02:00:07.587,1.22777,1.22781
EUR/USD,20180404 02:05:08.457,1.2280200000000001,1.22805
EUR/USD,20180404 02:10:10.411,1.2283600000000001,1.2283899999999999
EUR/USD,20180404 02:15:10.783,1.22856,1.22859
EUR/USD,20180404 02:20:15.989,1.2285700000000002,1.22859
EUR/USD,20180404 02:25:17.886,1.22837,1.2284
EUR/USD,20180404 02:30:19.300,1.22803,1.22806
EUR/USD,20180404 02:35:20.165,1.228,1.2280200000000001
EUR/USD,20180404 02:40:21.654,1.2281,1.22813
EUR/USD,20180404 02:45:27.079,1.2281,1.22813
EUR/USD,20180404 02:50:30.646,1.22811,1.22815
EUR/USD,20180404 02:55:30.684,1.22817,1.2282
EUR/USD,20180404 03:00:31.689,1.2280200000000001,1.2280799999999998
EUR/USD,20180404 03:05:31.977,1.228,1.22803
EUR/USD,20180404 03:10:47.763,1.2278799999999999,1.2279200000000001
EUR/USD,20180404 03:15:48.002,1.22776,1.22779
EUR/USD,20180404 03:20:48.086,1.22766,1.22769
EUR/USD,20180404 03:25:48.652,1.22764,1.22767
EUR/USD,20180404 03:30:49.186,1.22767,1.2277200000000001
EUR/USD,20180404 03:35:51.137,1.2279,1.22795
EUR/USD,20180404 03:40:57.010,1.22811,1.2281600000000001
EUR/USD,20180404 03:45:57.159,1.22812,1.22815
EUR/USD,20180404 03:51:01.292,1.22815,1.22819
EUR/USD,20180404 03:56:03.873,1.2281600000000001,1.22821
EUR/USD,20180404 04:01:04.601,1.2281799999999998,1.22822
EUR/USD,20180404 04:06:05.281,1.22814,1.22819
EUR/USD,20180404 04:11:09.935,1.22814,1.22817
EUR/USD,20180404 04:16:10.663,1.22813,1.2281799999999998
EUR/USD,20180404 04:21:15.038,1.22833,1.22837
EUR/USD,20180404 04:26:26.145,1.22824,1.22827
EUR/USD,20180404 04:31:34.500,1.22823,1.22827
EUR/USD,20180404 04:36:34.956,1.22807,1.22812
EUR/USD,20180404 04:41:41.449,1.22822,1.2282600000000001
EUR/USD,20180404 04:46:49.912,1.22835,1.2284
EUR/USD,20180404 04:51:52.785,1.22811,1.22815
EUR/USD,20180404 04:57:01.761,1.22801,1.22805
EUR/USD,20180404 05:02:01.916,1.22771,1.22776
EUR/USD,20180404 05:07:01.920,1.2278,1.22784
EUR/USD,20180404 05:12:03.543,1.22805,1.22809
EUR/USD,20180404 05:17:07.429,1.22785,1.2278799999999999
EUR/USD,20180404 05:22:09.408,1.22766,1.22769
EUR/USD,20180404 05:27:13.752,1.2275,1.22753
EUR/USD,20180404 05:32:15.753,1.22727,1.2273
EUR/USD,20180404 05:37:26.632,1.22758,1.22763
EUR/USD,20180404 05:42:28.337,1.22753,1.22757
EUR/USD,20180404 05:47:30.765,1.22759,1.22761
EUR/USD,20180404 05:52:31.824,1.2276200000000002,1.22767
EUR/USD,20180404 05:57:32.145,1.22793,1.2279799999999998
EUR/USD,20180404 06:02:32.260,1.22732,1.2273399999999999
EUR/USD,20180404 06:07:32.522,1.22727,1.22729
EUR/USD,20180404 06:12:34.332,1.2271299999999998,1.22716
EUR/USD,20180404 06:17:36.891,1.2271100000000001,1.2271299999999998
EUR/USD,20180404 06:22:37.267,1.22712,1.22716
EUR/USD,20180404 06:27:39.065,1.2267299999999999,1.2267700000000001
EUR/USD,20180404 06:32:39.304,1.22698,1.22701
EUR/USD,20180404 06:37:43.732,1.22718,1.22722
EUR/USD,20180404 06:42:45.282,1.22707,1.2271100000000001
EUR/USD,20180404 06:47:49.645,1.22708,1.2271299999999998
EUR/USD,20180404 06:52:55.350,1.2272299999999998,1.22728
EUR/USD,20180404 06:57:56.858,1.22688,1.22692
EUR/USD,20180404 07:02:57.203,1.22633,1.2263700000000002
EUR/USD,20180404 07:07:57.958,1.22676,1.22679
EUR/USD,20180404 07:12:58.082,1.22716,1.22717
EUR/USD,20180404 07:18:02.307,1.22688,1.22692
EUR/USD,20180404 07:23:02.372,1.22581,1.22584
EUR/USD,20180404 07:28:03.010,1.22594,1.2259799999999998
EUR/USD,20180404 07:33:03.016,1.22628,1.22632
EUR/USD,20180404 07:38:03.231,1.2267,1.22672
EUR/USD,20180404 07:43:05.028,1.2269299999999999,1.22698
EUR/USD,20180404 07:48:07.959,1.22777,1.22779
EUR/USD,20180404 07:53:08.680,1.22813,1.22817
EUR/USD,20180404 07:58:08.856,1.22885,1.22888
EUR/USD,20180404 08:03:09.849,1.22926,1.2293
EUR/USD,20180404 08:08:16.507,1.22894,1.22899
EUR/USD,20180404 08:13:16.657,1.23079,1.23084
EUR/USD,20180404 08:18:18.314,1.23038,1.23041
EUR/USD,20180404 08:23:20.825,1.2304700000000002,1.2305
EUR/USD,20180404 08:28:29.332,1.2305700000000002,1.23059
EUR/USD,20180404 08:33:29.443,1.23003,1.23005
EUR/USD,20180404 08:38:29.453,1.22977,1.22981
EUR/USD,20180404 08:43:29.612,1.22966,1.22969
EUR/USD,20180404 08:48:29.669,1.22971,1.22974
EUR/USD,20180404 08:53:31.892,1.22935,1.22937
EUR/USD,20180404 08:58:35.669,1.22908,1.22912
EUR/USD,20180404 09:03:36.219,1.22901,1.22905
EUR/USD,20180404 09:08:41.857,1.2292299999999998,1.22925
EUR/USD,20180404 09:13:49.603,1.22907,1.22909
EUR/USD,20180404 09:18:49.886,1.22948,1.22951
EUR/USD,20180404 09:23:50.877,1.22936,1.2294
EUR/USD,20180404 09:28:51.831,1.22922,1.22926
EUR/USD,20180404 09:33:52.646,1.22884,1.22888
EUR/USD,20180404 09:38:52.711,1.22898,1.22901
EUR/USD,20180404 09:43:53.469,1.22901,1.22905
EUR/USD,20180404 09:48:54.463,1.2290299999999998,1.22906
EUR/USD,20180404 09:54:01.225,1.22846,1.2285
EUR/USD,20180404 09:59:02.020,1.22767,1.2277
EUR/USD,20180404 10:04:02.262,1.22797,1.228
EUR/USD,20180404 10:09:02.262,1.22814,1.2281799999999998
EUR/USD,20180404 10:14:02.748,1.22815,1.2281799999999998
EUR/USD,20180404 10:19:04.726,1.22837,1.22841
EUR/USD,20180404 10:24:08.806,1.2283,1.22833
EUR/USD,20180404 10:29:09.635,1.2281799999999998,1.2282
EUR/USD,20180404 10:34:11.050,1.22831,1.22833
EUR/USD,20180404 10:39:11.785,1.2278799999999999,1.22791
EUR/USD,20180404 10:44:12.020,1.2279799999999998,1.22801
EUR/USD,20180404 10:49:14.043,1.22791,1.22794
EUR/USD,20180404 10:54:17.591,1.2279799999999998,1.2280200000000001
EUR/USD,20180404 10:59:19.221,1.22841,1.22845
EUR/USD,20180404 11:04:19.988,1.22837,1.22841
EUR/USD,20180404 11:09:20.013,1.22901,1.22905
EUR/USD,20180404 11:14:20.138,1.22917,1.2292100000000001
EUR/USD,20180404 11:19:25.733,1.22888,1.22891
EUR/USD,20180404 11:24:28.621,1.22878,1.22882
EUR/USD,20180404 11:29:29.659,1.22866,1.22871
EUR/USD,20180404 11:34:32.986,1.22817,1.2282
EUR/USD,20180404 11:39:33.400,1.22852,1.22854
EUR/USD,20180404 11:44:36.675,1.22845,1.22848
EUR/USD,20180404 11:49:41.695,1.22835,1.2283899999999999
EUR/USD,20180404 11:54:42.206,1.22871,1.22874
EUR/USD,20180404 11:59:43.052,1.22871,1.22875
EUR/USD,20180404 12:04:43.207,1.2278799999999999,1.22791
EUR/USD,20180404 12:09:47.799,1.22775,1.2278
EUR/USD,20180404 12:14:48.715,1.22753,1.22761
EUR/USD,20180404 12:19:49.473,1.2274100000000001,1.22745
EUR/USD,20180404 12:24:50.626,1.2276200000000002,1.22766
EUR/USD,20180404 12:29:50.630,1.2275200000000002,1.22755
EUR/USD,20180404 12:34:51.369,1.22787,1.22791
EUR/USD,20180404 12:39:51.713,1.2283600000000001,1.2284
EUR/USD,20180404 12:44:52.648,1.22889,1.2289299999999999
EUR/USD,20180404 12:49:52.858,1.2296200000000002,1.22965
EUR/USD,20180404 12:54:56.833,1.22984,1.22987
EUR/USD,20180404 12:59:57.922,1.22966,1.2296799999999999
EUR/USD,20180404 13:05:00.080,1.22991,1.22994
EUR/USD,20180404 13:10:00.099,1.22983,1.22983
EUR/USD,20180404 13:15:00.887,1.2295200000000002,1.22955
EUR/USD,20180404 13:20:00.972,1.22912,1.22914
EUR/USD,20180404 13:25:01.312,1.2293399999999999,1.22937
EUR/USD,20180404 13:30:01.340,1.22912,1.22915
EUR/USD,20180404 13:35:01.473,1.2296200000000002,1.22965
EUR/USD,20180404 13:40:02.013,1.22936,1.22938
EUR/USD,20180404 13:45:02.324,1.2295200000000002,1.2295399999999999
EUR/USD,20180404 13:50:03.771,1.22971,1.22975
EUR/USD,20180404 13:55:04.089,1.22957,1.2296
EUR/USD,20180404 14:00:04.135,1.2296200000000002,1.2297200000000001
EUR/USD,20180404 14:05:04.276,1.2302799999999998,1.23032
EUR/USD,20180404 14:10:06.603,1.23048,1.23051
EUR/USD,20180404 14:15:08.017,1.23082,1.23085
EUR/USD,20180404 14:20:08.117,1.23034,1.23037
EUR/USD,20180404 14:25:10.351,1.23046,1.23046
EUR/USD,20180404 14:30:10.736,1.23084,1.23086
EUR/USD,20180404 14:35:10.928,1.2307299999999999,1.2307700000000001
EUR/USD,20180404 14:40:12.031,1.23019,1.23021
EUR/USD,20180404 14:45:14.391,1.2300799999999998,1.2301
EUR/USD,20180404 14:50:14.500,1.22908,1.22912
EUR/USD,20180404 14:55:14.670,1.2290299999999998,1.22907
EUR/USD,20180404 15:00:14.692,1.22983,1.22984
EUR/USD,20180404 15:05:18.627,1.22994,1.22996
EUR/USD,20180404 15:10:21.209,1.23006,1.2301
EUR/USD,20180404 15:15:21.511,1.2296799999999999,1.22971
EUR/USD,20180404 15:20:22.809,1.23004,1.2300799999999998
EUR/USD,20180404 15:25:23.273,1.2302600000000001,1.2302899999999999
EUR/USD,20180404 15:30:24.907,1.23006,1.2301
EUR/USD,20180404 15:35:26.297,1.22975,1.2297799999999999
EUR/USD,20180404 15:40:29.584,1.22945,1.22948
EUR/USD,20180404 15:45:30.409,1.2295200000000002,1.22956
EUR/USD,20180404 15:50:33.931,1.22939,1.22943
EUR/USD,20180404 15:55:34.303,1.22943,1.22945
EUR/USD,20180404 16:00:34.671,1.22907,1.2291100000000001
EUR/USD,20180404 16:05:35.971,1.22915,1.22918
EUR/USD,20180404 16:10:37.374,1.22917,1.2292100000000001
EUR/USD,20180404 16:15:38.526,1.22935,1.2294
EUR/USD,20180404 16:20:42.353,1.22957,1.22959
EUR/USD,20180404 16:25:49.312,1.22959,1.22965
EUR/USD,20180404 16:30:53.822,1.22961,1.22963
EUR/USD,20180404 16:35:53.956,1.22963,1.22967
EUR/USD,20180404 16:40:55.850,1.22959,1.22964
EUR/USD,20180404 16:45:57.120,1.22975,1.22976
EUR/USD,20180404 16:51:03.136,1.22963,1.22967
EUR/USD,20180404 16:56:05.130,1.2293399999999999,1.22936
EUR/USD,20180404 17:01:07.271,1.2292,1.2292399999999999
EUR/USD,20180404 17:06:08.066,1.2289299999999999,1.2289700000000001
EUR/USD,20180404 17:11:08.428,1.22884,1.22888
EUR/USD,20180404 17:16:10.164,1.22879,1.22885
EUR/USD,20180404 17:21:10.251,1.22837,1.22841
EUR/USD,20180404 17:26:13.035,1.22841,1.22845
EUR/USD,20180404 17:31:14.275,1.22852,1.22855
EUR/USD,20180404 17:36:16.888,1.22833,1.22837
EUR/USD,20180404 17:41:18.104,1.22848,1.22851
EUR/USD,20180404 17:46:19.669,1.22862,1.22866
EUR/USD,20180404 17:51:22.885,1.22881,1.22884
EUR/USD,20180404 17:56:32.537,1.22859,1.22864
EUR/USD,20180404 18:01:34.374,1.2279,1.22794
EUR/USD,20180404 18:06:35.843,1.22831,1.22835
EUR/USD,20180404 18:11:39.250,1.2283899999999999,1.22844
EUR/USD,20180404 18:16:39.638,1.22809,1.22813
EUR/USD,20180404 18:21:39.640,1.2280799999999998,1.2281
EUR/USD,20180404 18:26:40.077,1.2278799999999999,1.2279200000000001
EUR/USD,20180404 18:31:40.089,1.2276,1.22763
EUR/USD,20180404 18:36:41.691,1.22776,1.22781
EUR/USD,20180404 18:41:42.032,1.22793,1.22797
EUR/USD,20180404 18:46:56.760,1.22814,1.22817
EUR/USD,20180404 18:51:58.879,1.22819,1.22822
EUR/USD,20180404 18:57:00.169,1.22815,1.22817
EUR/USD,20180404 19:02:06.185,1.22809,1.22813
EUR/USD,20180404 19:07:06.949,1.22832,1.22834
EUR/USD,20180404 19:12:08.283,1.2283,1.22834
EUR/USD,20180404 19:17:08.507,1.22811,1.22814
EUR/USD,20180404 19:22:08.654,1.22786,1.22789
EUR/USD,20180404 19:27:08.976,1.2280799999999998,1.22811
EUR/USD,20180404 19:32:13.933,1.22796,1.2279799999999998
EUR/USD,20180404 19:37:13.975,1.22779,1.22781
EUR/USD,20180404 19:42:16.042,1.22793,1.22796
EUR/USD,20180404 19:47:22.876,1.22753,1.22756
EUR/USD,20180404 19:52:24.324,1.22794,1.22797
EUR/USD,20180404 19:57:24.702,1.22812,1.22817
EUR/USD,20180404 20:02:26.199,1.22809,1.22812
EUR/USD,20180404 20:07:38.623,1.22804,1.2280799999999998
EUR/USD,20180404 20:12:39.457,1.22781,1.22785
EUR/USD,20180404 20:17:41.615,1.22785,1.2278799999999999
EUR/USD,20180404 20:22:46.932,1.2277200000000001,1.2277799999999999
EUR/USD,20180404 20:27:53.890,1.22777,1.22779
EUR/USD,20180404 20:32:56.039,1.2280200000000001,1.22807
EUR/USD,20180404 20:37:59.521,1.22799,1.22803
EUR/USD,20180404 20:43:02.350,1.22791,1.22795
EUR/USD,20180404 20:48:02.714,1.2278,1.22786
EUR/USD,20180404 20:53:05.205,1.2279200000000001,1.22796
EUR/USD,20180404 20:58:05.671,1.22781,1.22785
EUR/USD,20180404 21:03:28.903,1.22786,1.2279799999999998
EUR/USD,20180404 21:08:33.577,1.2279200000000001,1.2281
EUR/USD,20180404 21:13:36.433,1.22799,1.2281
EUR/USD,20180404 21:18:46.668,1.22783,1.22814
EUR/USD,20180404 21:23:48.574,1.22805,1.2282
EUR/USD,20180404 21:28:48.707,1.22821,1.22838
EUR/USD,20180404 21:33:50.122,1.22815,1.22827
EUR/USD,20180404 21:38:57.505,1.22811,1.22825
EUR/USD,20180404 21:43:57.574,1.2282600000000001,1.22833
EUR/USD,20180404 21:49:00.563,1.22822,1.22832
EUR/USD,20180404 21:54:02.576,1.22819,1.22827
EUR/USD,20180404 21:59:02.966,1.22819,1.2282799999999998
EUR/USD,20180404 22:04:03.078,1.2281799999999998,1.22825
EUR/USD,20180404 22:09:04.048,1.22844,1.2285
EUR/USD,20180404 22:14:17.259,1.2282899999999999,1.2283600000000001
EUR/USD,20180404 22:19:19.622,1.22832,1.2284
EUR/USD,20180404 22:24:30.703,1.2282799999999998,1.22831
EUR/USD,20180404 22:29:36.615,1.22823,1.2283
EUR/USD,20180404 22:34:44.025,1.22824,1.2283
EUR/USD,20180404 22:39:46.689,1.22838,1.22844
EUR/USD,20180404 22:44:48.661,1.22851,1.22856
EUR/USD,20180404 22:49:52.104,1.2284899999999999,1.22854
EUR/USD,20180404 22:54:56.402,1.22854,1.2286
EUR/USD,20180404 23:00:00.074,1.22845,1.2285
EUR/USD,20180404 23:05:02.405,1.22845,1.2285
EUR/USD,20180404 23:10:08.688,1.22853,1.2285700000000002
EUR/USD,20180404 23:15:08.871,1.22852,1.22858
EUR/USD,20180404 23:20:24.561,1.22853,1.22859
EUR/USD,20180404 23:25:26.575,1.22858,1.22862
EUR/USD,20180404 23:30:28.568,1.22845,1.2284899999999999
EUR/USD,20180404 23:35:33.899,1.22853,1.22858
EUR/USD,20180404 23:40:35.719,1.2284700000000002,1.22851
EUR/USD,20180404 23:45:36.631,1.22856,1.22861
EUR/USD,20180404 23:51:01.900,1.2284700000000002,1.22853
EUR/USD,20180404 23:56:04.035,1.22846,1.22852
EUR/USD,20180405 00:01:04.307,1.2286700000000002,1.22872
EUR/USD,20180405 00:06:07.063,1.22881,1.22885
EUR/USD,20180405 00:11:07.592,1.2288700000000001,1.22891
EUR/USD,20180405 00:16:08.048,1.22879,1.22882
EUR/USD,20180405 00:21:09.611,1.22879,1.2288299999999999
EUR/USD,20180405 00:26:10.074,1.2286700000000002,1.22872
EUR/USD,20180405 00:31:14.650,1.2286,1.22865
EUR/USD,20180405 00:36:18.975,1.22848,1.22851
EUR/USD,20180405 00:41:26.968,1.2286700000000002,1.2287
EUR/USD,20180405 00:46:34.439,1.2287,1.22875
EUR/USD,20180405 00:51:37.861,1.22881,1.22885
EUR/USD,20180405 00:56:40.615,1.2287299999999999,1.22876
EUR/USD,20180405 01:01:45.965,1.2288700000000001,1.22891
EUR/USD,20180405 01:06:46.031,1.22858,1.22861
EUR/USD,20180405 01:11:47.345,1.22854,1.22858
EUR/USD,20180405 01:16:52.062,1.2284700000000002,1.22851
EUR/USD,20180405 01:22:10.843,1.2284899999999999,1.22852
EUR/USD,20180405 01:27:19.503,1.22833,1.22838
EUR/USD,20180405 01:32:22.801,1.2283600000000001,1.22842
EUR/USD,20180405 01:37:23.818,1.22819,1.22821
EUR/USD,20180405 01:42:25.890,1.2281799999999998,1.22823
EUR/USD,20180405 01:47:26.504,1.22807,1.22811
EUR/USD,20180405 01:52:29.904,1.2277,1.2277200000000001
EUR/USD,20180405 01:57:31.990,1.228,1.22803
EUR/USD,20180405 02:02:31.998,1.2278,1.22783
EUR/USD,20180405 02:07:37.777,1.22797,1.2280200000000001
EUR/USD,20180405 02:12:39.615,1.22815,1.22817
EUR/USD,20180405 02:17:41.335,1.22795,1.22799
EUR/USD,20180405 02:22:42.314,1.2278799999999999,1.2279
EUR/USD,20180405 02:27:58.025,1.2279200000000001,1.22796
EUR/USD,20180405 02:33:03.394,1.22789,1.22793
EUR/USD,20180405 02:38:25.139,1.22779,1.22784
EUR/USD,20180405 02:43:25.678,1.22781,1.22783
EUR/USD,20180405 02:48:28.000,1.22775,1.22777
EUR/USD,20180405 02:53:49.589,1.22791,1.22794
EUR/USD,20180405 02:58:49.634,1.22796,1.228
EUR/USD,20180405 03:03:50.661,1.22775,1.22779
EUR/USD,20180405 03:08:50.780,1.22793,1.22796
EUR/USD,20180405 03:14:03.391,1.22799,1.22805
EUR/USD,20180405 03:19:06.919,1.2280799999999998,1.22811
EUR/USD,20180405 03:24:07.333,1.22809,1.22814
EUR/USD,20180405 03:29:07.986,1.22789,1.22794
EUR/USD,20180405 03:34:10.233,1.22804,1.2280799999999998
EUR/USD,20180405 03:39:19.356,1.22815,1.22821
EUR/USD,20180405 03:44:19.781,1.2283899999999999,1.22842
EUR/USD,20180405 03:49:22.828,1.2286,1.22861
EUR/USD,20180405 03:54:23.401,1.22844,1.2284899999999999
EUR/USD,20180405 03:59:26.040,1.2284,1.22843
EUR/USD,20180405 04:04:33.228,1.2282799999999998,1.22834
EUR/USD,20180405 04:09:33.378,1.22817,1.2282
EUR/USD,20180405 04:14:37.590,1.22814,1.22819
EUR/USD,20180405 04:19:40.534,1.22813,1.22815
EUR/USD,20180405 04:24:42.736,1.22795,1.22799
EUR/USD,20180405 04:29:43.085,1.22771,1.22775
EUR/USD,20180405 04:34:55.844,1.22797,1.22799
EUR/USD,20180405 04:39:58.587,1.2278200000000001,1.22784
EUR/USD,20180405 04:45:00.073,1.22755,1.22759
EUR/USD,20180405 04:50:00.480,1.22757,1.22758
EUR/USD,20180405 04:55:00.733,1.22749,1.22753
EUR/USD,20180405 05:00:01.015,1.22765,1.2277
EUR/USD,20180405 05:05:03.002,1.22763,1.22767
EUR/USD,20180405 05:10:10.965,1.22767,1.22771
EUR/USD,20180405 05:15:43.137,1.22766,1.2277
EUR/USD,20180405 05:20:45.342,1.2277,1.22774
EUR/USD,20180405 05:26:00.039,1.2278799999999999,1.22791
EUR/USD,20180405 05:31:02.032,1.2277799999999999,1.22781
EUR/USD,20180405 05:36:05.780,1.22764,1.22766
EUR/USD,20180405 05:41:13.254,1.2275,1.22755
EUR/USD,20180405 05:46:18.263,1.22761,1.22764
EUR/USD,20180405 05:51:31.258,1.22747,1.22749
EUR/USD,20180405 05:56:35.300,1.22729,1.22732
EUR/USD,20180405 06:01:35.471,1.22709,1.2271299999999998
EUR/USD,20180405 06:06:35.873,1.22746,1.22749
EUR/USD,20180405 06:11:38.748,1.22726,1.2273
EUR/USD,20180405 06:16:39.125,1.22664,1.22668
EUR/USD,20180405 06:21:39.292,1.22641,1.22645
EUR/USD,20180405 06:26:39.354,1.22655,1.2265700000000002
EUR/USD,20180405 06:31:39.751,1.22646,1.2264899999999999
EUR/USD,20180405 06:36:41.740,1.22628,1.22633
EUR/USD,20180405 06:41:41.756,1.22622,1.2262600000000001
EUR/USD,20180405 06:46:42.714,1.2263,1.22633
EUR/USD,20180405 06:51:43.004,1.2264899999999999,1.22654
EUR/USD,20180405 06:56:44.389,1.22604,1.22607
EUR/USD,20180405 07:01:44.398,1.22557,1.22559
EUR/USD,20180405 07:06:50.920,1.22602,1.22603
EUR/USD,20180405 07:11:51.036,1.22504,1.22507
EUR/USD,20180405 07:16:51.274,1.22525,1.22528
EUR/USD,20180405 07:21:52.481,1.22574,1.22577
EUR/USD,20180405 07:26:54.359,1.2262,1.22623
EUR/USD,20180405 07:31:54.446,1.22583,1.22587
EUR/USD,20180405 07:36:55.533,1.22648,1.22651
EUR/USD,20180405 07:41:55.844,1.22678,1.22681
EUR/USD,20180405 07:46:57.404,1.2269,1.22692
EUR/USD,20180405 07:51:57.615,1.22664,1.2266700000000001
EUR/USD,20180405 07:57:04.141,1.22615,1.22619
EUR/USD,20180405 08:02:04.342,1.22627,1.2263
EUR/USD,20180405 08:07:11.934,1.22586,1.2258799999999999
EUR/USD,20180405 08:12:12.047,1.22538,1.22541
EUR/USD,20180405 08:17:13.204,1.22614,1.2261799999999998
EUR/USD,20180405 08:22:17.738,1.22634,1.2263899999999999
EUR/USD,20180405 08:27:18.106,1.22612,1.22617
EUR/USD,20180405 08:32:20.550,1.22609,1.22612
EUR/USD,20180405 08:37:22.683,1.226,1.22604
EUR/USD,20180405 08:42:25.609,1.22609,1.22613
EUR/USD,20180405 08:47:28.538,1.22652,1.22655
EUR/USD,20180405 08:52:29.939,1.22678,1.22682
EUR/USD,20180405 08:57:29.959,1.2267700000000001,1.2268
EUR/USD,20180405 09:02:30.124,1.2265,1.22653
EUR/USD,20180405 09:07:30.776,1.22681,1.22685
EUR/USD,20180405 09:12:30.989,1.22691,1.22694
EUR/USD,20180405 09:17:32.649,1.22691,1.22694
EUR/USD,20180405 09:22:35.042,1.22779,1.22785
EUR/USD,20180405 09:27:35.202,1.22801,1.22804
EUR/USD,20180405 09:32:35.488,1.22794,1.22796
EUR/USD,20180405 09:37:35.556,1.2276799999999999,1.2277
EUR/USD,20180405 09:42:35.806,1.2281799999999998,1.22821
EUR/USD,20180405 09:47:36.079,1.22801,1.22803
EUR/USD,20180405 09:52:36.469,1.22784,1.2278799999999999
EUR/USD,20180405 09:57:43.247,1.22771,1.22775
EUR/USD,20180405 10:02:43.369,1.2274100000000001,1.22745
EUR/USD,20180405 10:07:45.960,1.22755,1.22759
EUR/USD,20180405 10:12:49.164,1.22737,1.2274
EUR/USD,20180405 10:17:50.089,1.22732,1.22735
EUR/USD,20180405 10:22:50.444,1.2275399999999999,1.22757
EUR/USD,20180405 10:27:53.362,1.22755,1.22757
EUR/USD,20180405 10:32:54.946,1.2275399999999999,1.22758
EUR/USD,20180405 10:37:54.947,1.22722,1.22725
EUR/USD,20180405 10:42:55.817,1.22732,1.22735
EUR/USD,20180405 10:47:56.055,1.22755,1.22759
EUR/USD,20180405 10:52:57.247,1.22776,1.2277799999999999
EUR/USD,20180405 10:57:57.446,1.2279799999999998,1.22801
EUR/USD,20180405 11:02:58.683,1.22791,1.22794
EUR/USD,20180405 11:08:04.477,1.22755,1.22758
EUR/USD,20180405 11:13:06.095,1.22722,1.22725
EUR/USD,20180405 11:18:06.290,1.22708,1.22712
EUR/USD,20180405 11:23:07.243,1.22645,1.2264899999999999
EUR/USD,20180405 11:28:08.137,1.22672,1.22675
EUR/USD,20180405 11:33:09.391,1.22641,1.22644
EUR/USD,20180405 11:38:09.516,1.22623,1.22627
EUR/USD,20180405 11:43:09.698,1.22602,1.22605
EUR/USD,20180405 11:48:11.391,1.22595,1.22597
EUR/USD,20180405 11:53:11.629,1.22613,1.22615
EUR/USD,20180405 11:58:11.689,1.22539,1.2254200000000002
EUR/USD,20180405 12:03:11.855,1.22581,1.22584
EUR/USD,20180405 12:08:12.880,1.22601,1.22605
EUR/USD,20180405 12:13:18.022,1.2259,1.2259200000000001
EUR/USD,20180405 12:18:19.864,1.2257200000000001,1.22576
EUR/USD,20180405 12:23:19.867,1.2244899999999999,1.22455
EUR/USD,20180405 12:28:19.993,1.22431,1.22434
EUR/USD,20180405 12:33:20.621,1.22512,1.22516
EUR/USD,20180405 12:38:22.172,1.2256,1.22563
EUR/USD,20180405 12:43:22.479,1.22594,1.22597
EUR/USD,20180405 12:48:26.608,1.2255200000000002,1.22555
EUR/USD,20180405 12:53:27.345,1.22489,1.22492
EUR/USD,20180405 12:58:28.163,1.22507,1.2251
EUR/USD,20180405 13:03:30.045,1.22456,1.2246
EUR/USD,20180405 13:08:33.715,1.22522,1.22526
EUR/USD,20180405 13:13:35.563,1.22508,1.22512
EUR/USD,20180405 13:18:35.665,1.22556,1.22558
EUR/USD,20180405 13:23:37.331,1.22547,1.2255
EUR/USD,20180405 13:28:37.836,1.22502,1.22506
EUR/USD,20180405 13:33:39.284,1.2253100000000001,1.22532
EUR/USD,20180405 13:38:41.662,1.22625,1.22627
EUR/USD,20180405 13:43:42.505,1.22594,1.22596
EUR/USD,20180405 13:48:42.526,1.2262899999999999,1.22632
EUR/USD,20180405 13:53:42.919,1.22595,1.22597
EUR/USD,20180405 13:58:43.063,1.22577,1.22579
EUR/USD,20180405 14:03:43.126,1.22504,1.22507
EUR/USD,20180405 14:08:43.177,1.2244700000000002,1.2245
EUR/USD,20180405 14:13:43.345,1.22427,1.22431
EUR/USD,20180405 14:18:51.597,1.22444,1.22448
EUR/USD,20180405 14:23:51.723,1.2242600000000001,1.22428
EUR/USD,20180405 14:28:51.818,1.22377,1.2238
EUR/USD,20180405 14:33:52.508,1.22393,1.22396
EUR/USD,20180405 14:38:52.566,1.2240799999999998,1.2241
EUR/USD,20180405 14:43:53.176,1.2234,1.2234399999999999
EUR/USD,20180405 14:48:53.544,1.2229299999999999,1.22295
EUR/USD,20180405 14:53:59.071,1.2223899999999999,1.22242
EUR/USD,20180405 14:58:59.329,1.22269,1.22272
EUR/USD,20180405 15:03:59.372,1.2224899999999999,1.22253
EUR/USD,20180405 15:08:59.440,1.22289,1.2229299999999999
EUR/USD,20180405 15:13:59.546,1.22289,1.22291
EUR/USD,20180405 15:19:03.358,1.22271,1.22272
EUR/USD,20180405 15:24:03.384,1.2225,1.22252
EUR/USD,20180405 15:29:05.771,1.22244,1.2224700000000002
EUR/USD,20180405 15:34:06.290,1.2224700000000002,1.2225
EUR/USD,20180405 15:39:06.616,1.2223,1.22232
EUR/USD,20180405 15:44:07.500,1.22191,1.22193
EUR/USD,20180405 15:49:10.047,1.22222,1.22225
EUR/USD,20180405 15:54:10.244,1.22274,1.2227700000000001
EUR/USD,20180405 15:59:11.143,1.22284,1.22289
EUR/USD,20180405 16:04:11.420,1.2232399999999999,1.22326
EUR/USD,20180405 16:09:12.355,1.2232100000000001,1.22325
EUR/USD,20180405 16:14:13.047,1.22355,1.22358
EUR/USD,20180405 16:19:13.146,1.2239799999999998,1.224
EUR/USD,20180405 16:24:14.147,1.2239799999999998,1.22401
EUR/USD,20180405 16:29:14.597,1.22384,1.2238799999999999
EUR/USD,20180405 16:34:18.607,1.22391,1.22395
EUR/USD,20180405 16:39:21.871,1.22381,1.22384
EUR/USD,20180405 16:44:22.202,1.22367,1.22369
EUR/USD,20180405 16:49:24.258,1.22381,1.22385
EUR/USD,20180405 16:54:27.758,1.22356,1.2236
EUR/USD,20180405 16:59:27.831,1.22359,1.2236200000000002
EUR/USD,20180405 17:04:30.786,1.22355,1.22358
EUR/USD,20180405 17:09:34.059,1.22325,1.22328
EUR/USD,20180405 17:14:36.278,1.22289,1.22292
EUR/USD,20180405 17:19:40.115,1.22296,1.22298
EUR/USD,20180405 17:24:40.341,1.22258,1.2226
EUR/USD,20180405 17:29:41.115,1.22256,1.22259
EUR/USD,20180405 17:34:41.920,1.2227299999999999,1.22276
EUR/USD,20180405 17:39:43.235,1.22294,1.22299
EUR/USD,20180405 17:44:46.581,1.22339,1.22341
EUR/USD,20180405 17:49:46.834,1.2235200000000002,1.22358
EUR/USD,20180405 17:54:56.275,1.22327,1.2233
EUR/USD,20180405 17:59:57.953,1.22359,1.2236200000000002
EUR/USD,20180405 18:05:00.887,1.2234399999999999,1.22348
EUR/USD,20180405 18:10:01.574,1.22383,1.22386
EUR/USD,20180405 18:15:01.994,1.22348,1.22353
EUR/USD,20180405 18:20:02.531,1.22367,1.22373
EUR/USD,20180405 18:25:02.626,1.22383,1.22386
EUR/USD,20180405 18:30:03.613,1.22373,1.22377
EUR/USD,20180405 18:35:05.478,1.22375,1.2237799999999999
EUR/USD,20180405 18:40:07.817,1.2238,1.22384
EUR/USD,20180405 18:45:07.989,1.2237799999999999,1.22381
EUR/USD,20180405 18:50:13.698,1.22371,1.22373
EUR/USD,20180405 18:55:14.435,1.22383,1.22387
EUR/USD,20180405 19:00:15.808,1.22361,1.22364
EUR/USD,20180405 19:05:21.210,1.22356,1.22358
EUR/USD,20180405 19:10:21.636,1.22354,1.22359
EUR/USD,20180405 19:15:22.174,1.22354,1.22357
EUR/USD,20180405 19:20:22.588,1.2236,1.22363
EUR/USD,20180405 19:25:23.007,1.22366,1.22369
EUR/USD,20180405 19:30:33.283,1.22365,1.22369
EUR/USD,20180405 19:35:37.006,1.22377,1.2238200000000001
EUR/USD,20180405 19:40:37.183,1.22373,1.22376
EUR/USD,20180405 19:45:44.140,1.22354,1.22357
EUR/USD,20180405 19:50:50.562,1.22346,1.22349
EUR/USD,20180405 19:55:51.608,1.2233399999999999,1.22336
EUR/USD,20180405 20:00:57.311,1.22341,1.22348
EUR/USD,20180405 20:05:57.425,1.22358,1.22361
EUR/USD,20180405 20:10:59.964,1.2237799999999999,1.22384
EUR/USD,20180405 20:16:10.823,1.2237799999999999,1.22384
EUR/USD,20180405 20:21:21.578,1.22384,1.2238799999999999
EUR/USD,20180405 20:26:21.711,1.22381,1.22387
EUR/USD,20180405 20:31:22.846,1.2238,1.22383
EUR/USD,20180405 20:36:23.948,1.2238,1.22386
EUR/USD,20180405 20:41:26.613,1.2237799999999999,1.22385
EUR/USD,20180405 20:46:28.635,1.22406,1.22409
EUR/USD,20180405 20:51:30.101,1.224,1.22406
EUR/USD,20180405 20:56:30.634,1.22402,1.22406
EUR/USD,20180405 21:01:34.849,1.22384,1.2241600000000001
EUR/USD,20180405 21:06:37.035,1.22397,1.22421
EUR/USD,20180405 21:11:37.181,1.22389,1.22404
EUR/USD,20180405 21:16:41.099,1.22376,1.22386
EUR/USD,20180405 21:21:42.636,1.22374,1.22395
EUR/USD,20180405 21:26:57.551,1.2239200000000001,1.22415
EUR/USD,20180405 21:32:02.555,1.22393,1.2240799999999998
EUR/USD,20180405 21:37:02.556,1.22394,1.2241
EUR/USD,20180405 21:42:02.808,1.22389,1.2239799999999998
EUR/USD,20180405 21:47:04.278,1.22385,1.22394
EUR/USD,20180405 21:52:05.087,1.2237799999999999,1.22387
EUR/USD,20180405 21:57:10.508,1.22375,1.2239
EUR/USD,20180405 22:02:15.723,1.22377,1.22385
EUR/USD,20180405 22:07:16.279,1.2239,1.22397
EUR/USD,20180405 22:12:23.552,1.22395,1.22402
EUR/USD,20180405 22:17:29.131,1.22395,1.22402
EUR/USD,20180405 22:22:32.390,1.22396,1.22404
EUR/USD,20180405 22:27:44.657,1.22397,1.22405
EUR/USD,20180405 22:32:49.594,1.2239799999999998,1.22406
EUR/USD,20180405 22:37:53.479,1.22409,1.22414
EUR/USD,20180405 22:42:55.864,1.22417,1.22424
EUR/USD,20180405 22:48:06.972,1.22415,1.2242
EUR/USD,20180405 22:53:08.805,1.22452,1.22456
EUR/USD,20180405 22:58:16.375,1.22432,1.2243899999999999
EUR/USD,20180405 23:03:27.917,1.22407,1.2241
EUR/USD,20180405 23:08:28.314,1.22405,1.22407
EUR/USD,20180405 23:13:28.847,1.22462,1.2246700000000001
EUR/USD,20180405 23:18:29.539,1.22491,1.22494
EUR/USD,20180405 23:23:33.958,1.22489,1.2249299999999999
EUR/USD,20180405 23:28:36.080,1.22499,1.22501
EUR/USD,20180405 23:33:44.126,1.2250299999999998,1.22508
EUR/USD,20180405 23:38:45.070,1.2254,1.2254399999999999
EUR/USD,20180405 23:43:49.737,1.22512,1.22516
EUR/USD,20180405 23:48:50.778,1.22485,1.22489
EUR/USD,20180405 23:53:54.862,1.2252399999999999,1.22529
EUR/USD,20180405 23:58:54.923,1.22495,1.22499
EUR/USD,20180406 00:03:57.511,1.2247299999999999,1.22476
EUR/USD,20180406 00:08:58.200,1.22498,1.22501
EUR/USD,20180406 00:13:58.308,1.22486,1.22488
EUR/USD,20180406 00:18:58.423,1.22492,1.22494
EUR/USD,20180406 00:24:00.546,1.22514,1.22518
EUR/USD,20180406 00:29:00.858,1.22504,1.22506
EUR/USD,20180406 00:34:01.348,1.2252399999999999,1.22527
EUR/USD,20180406 00:39:04.121,1.22522,1.22527
EUR/USD,20180406 00:44:13.882,1.22502,1.22504
EUR/USD,20180406 00:49:16.858,1.22485,1.22488
EUR/USD,20180406 00:54:17.036,1.2248,1.22482
EUR/USD,20180406 00:59:19.624,1.22484,1.2249
EUR/USD,20180406 01:04:21.440,1.22505,1.2251
EUR/USD,20180406 01:09:21.939,1.2252,1.2252299999999998
EUR/USD,20180406 01:14:22.422,1.22535,1.22539
EUR/USD,20180406 01:19:23.259,1.22551,1.22554
EUR/USD,20180406 01:24:23.423,1.2258200000000001,1.22585
EUR/USD,20180406 01:29:23.484,1.22546,1.2255
EUR/USD,20180406 01:34:25.279,1.22565,1.2256799999999999
EUR/USD,20180406 01:39:33.585,1.22579,1.22584
EUR/USD,20180406 01:44:35.167,1.22574,1.22579
EUR/USD,20180406 01:49:40.238,1.22579,1.22583
EUR/USD,20180406 01:54:40.812,1.22571,1.22573
EUR/USD,20180406 01:59:41.777,1.2258,1.22584
EUR/USD,20180406 02:04:43.964,1.2258,1.22585
EUR/USD,20180406 02:09:50.891,1.22586,1.22591
EUR/USD,20180406 02:14:56.159,1.22577,1.22581
EUR/USD,20180406 02:19:57.014,1.2257,1.22574
EUR/USD,20180406 02:24:57.098,1.2255,1.22554
EUR/USD,20180406 02:29:59.278,1.22556,1.22559
EUR/USD,20180406 02:35:05.821,1.22561,1.22565
EUR/USD,20180406 02:40:25.691,1.22561,1.22564
EUR/USD,20180406 02:45:27.331,1.22547,1.22549
EUR/USD,20180406 02:50:32.504,1.22553,1.22556
EUR/USD,20180406 02:55:40.566,1.22556,1.2256200000000002
EUR/USD,20180406 03:00:44.284,1.22553,1.22557
EUR/USD,20180406 03:05:49.828,1.2253399999999999,1.2254
EUR/USD,20180406 03:11:00.470,1.2253399999999999,1.22539
EUR/USD,20180406 03:16:01.032,1.22512,1.22515
EUR/USD,20180406 03:21:04.506,1.2249,1.22494
EUR/USD,20180406 03:26:04.616,1.22475,1.2247700000000001
EUR/USD,20180406 03:31:09.950,1.22428,1.2243
EUR/USD,20180406 03:36:10.298,1.22427,1.22431
EUR/USD,20180406 03:41:11.027,1.22445,1.2244700000000002
EUR/USD,20180406 03:46:17.329,1.2243700000000002,1.22441
EUR/USD,20180406 03:51:17.333,1.2246700000000001,1.2247
EUR/USD,20180406 03:56:19.816,1.2244700000000002,1.2244899999999999
EUR/USD,20180406 04:01:22.287,1.22406,1.22409
EUR/USD,20180406 04:06:22.449,1.22411,1.2241600000000001
EUR/USD,20180406 04:11:26.026,1.22406,1.2241
EUR/USD,20180406 04:16:26.839,1.22407,1.22409
EUR/USD,20180406 04:21:28.143,1.22423,1.22425
EUR/USD,20180406 04:26:30.615,1.2238799999999999,1.2239
EUR/USD,20180406 04:31:31.670,1.22386,1.22391
EUR/USD,20180406 04:36:32.030,1.22356,1.22358
EUR/USD,20180406 04:41:32.314,1.2239,1.2239200000000001
EUR/USD,20180406 04:46:33.267,1.22387,1.2239
EUR/USD,20180406 04:51:35.485,1.2241799999999998,1.2242
EUR/USD,20180406 04:56:35.780,1.22391,1.22393
EUR/USD,20180406 05:01:36.546,1.22357,1.2236
EUR/USD,20180406 05:06:40.882,1.22391,1.22394
EUR/USD,20180406 05:11:42.793,1.22396,1.22399
EUR/USD,20180406 05:16:45.909,1.22411,1.22415
EUR/USD,20180406 05:21:46.597,1.2237200000000001,1.22374
EUR/USD,20180406 05:26:46.603,1.22389,1.2239200000000001
EUR/USD,20180406 05:31:53.341,1.22405,1.2240799999999998
EUR/USD,20180406 05:36:53.434,1.22414,1.22417
EUR/USD,20180406 05:41:57.097,1.22414,1.2241799999999998
EUR/USD,20180406 05:46:57.589,1.22394,1.2239799999999998
EUR/USD,20180406 05:51:58.655,1.22369,1.2237200000000001
EUR/USD,20180406 05:57:01.086,1.2237799999999999,1.22383
EUR/USD,20180406 06:02:01.765,1.2235200000000002,1.22358
EUR/USD,20180406 06:07:04.943,1.22291,1.22294
EUR/USD,20180406 06:12:06.126,1.22317,1.22318
EUR/USD,20180406 06:17:07.390,1.22341,1.22345
EUR/USD,20180406 06:22:08.734,1.22285,1.22289
EUR/USD,20180406 06:27:09.033,1.22309,1.22312
EUR/USD,20180406 06:32:09.292,1.22325,1.22328
EUR/USD,20180406 06:37:09.301,1.22361,1.22364
EUR/USD,20180406 06:42:10.813,1.22357,1.2236
EUR/USD,20180406 06:47:11.347,1.2232399999999999,1.22327
EUR/USD,20180406 06:52:11.578,1.22336,1.2234
EUR/USD,20180406 06:57:11.684,1.22322,1.2232399999999999
EUR/USD,20180406 07:02:11.684,1.22312,1.22315
EUR/USD,20180406 07:07:11.695,1.22278,1.22281
EUR/USD,20180406 07:12:13.482,1.22301,1.2230299999999998
EUR/USD,20180406 07:17:13.745,1.22279,1.2228
EUR/USD,20180406 07:22:16.351,1.2222600000000001,1.2222899999999999
EUR/USD,20180406 07:27:16.568,1.22217,1.22221
EUR/USD,20180406 07:32:19.007,1.2222600000000001,1.22231
EUR/USD,20180406 07:37:19.559,1.22241,1.22244
EUR/USD,20180406 07:42:19.616,1.22246,1.2224899999999999
EUR/USD,20180406 07:47:19.654,1.22244,1.22246
EUR/USD,20180406 07:52:19.881,1.22246,1.2225
EUR/USD,20180406 07:57:19.915,1.22275,1.2227700000000001
EUR/USD,20180406 08:02:20.122,1.22295,1.22299
EUR/USD,20180406 08:07:20.883,1.22322,1.22325
EUR/USD,20180406 08:12:21.520,1.22312,1.22315
EUR/USD,20180406 08:17:22.416,1.2227700000000001,1.2228
EUR/USD,20180406 08:22:22.572,1.22221,1.22224
EUR/USD,20180406 08:27:24.307,1.2226,1.22264
EUR/USD,20180406 08:32:24.798,1.22309,1.22312
EUR/USD,20180406 08:37:28.181,1.2232,1.2232399999999999
EUR/USD,20180406 08:42:28.904,1.2234200000000002,1.2234399999999999
EUR/USD,20180406 08:47:30.108,1.22336,1.22338
EUR/USD,20180406 08:52:30.134,1.22349,1.2235200000000002
EUR/USD,20180406 08:57:30.141,1.2232,1.2232299999999998
EUR/USD,20180406 09:02:30.170,1.2235200000000002,1.22355
EUR/USD,20180406 09:07:30.201,1.22387,1.22389
EUR/USD,20180406 09:12:32.161,1.2236200000000002,1.22364
EUR/USD,20180406 09:17:32.749,1.2239,1.22394
EUR/USD,20180406 09:22:38.123,1.2238200000000001,1.22386
EUR/USD,20180406 09:27:39.099,1.22421,1.22425
EUR/USD,20180406 09:32:40.094,1.22432,1.22434
EUR/USD,20180406 09:37:40.355,1.22451,1.22455
EUR/USD,20180406 09:42:45.703,1.22443,1.22448
EUR/USD,20180406 09:47:46.175,1.22415,1.22419
EUR/USD,20180406 09:52:46.990,1.22394,1.22397
EUR/USD,20180406 09:57:49.006,1.2243,1.22432
EUR/USD,20180406 10:02:50.452,1.22419,1.22422
EUR/USD,20180406 10:07:55.032,1.2242,1.22422
EUR/USD,20180406 10:12:56.900,1.2243,1.22433
EUR/USD,20180406 10:17:57.829,1.22431,1.22435
EUR/USD,20180406 10:23:00.173,1.2242,1.22424
EUR/USD,20180406 10:28:00.237,1.22438,1.22442
EUR/USD,20180406 10:33:12.285,1.22422,1.22428
EUR/USD,20180406 10:38:16.909,1.22444,1.22445
EUR/USD,20180406 10:43:17.456,1.22453,1.22459
EUR/USD,20180406 10:48:17.737,1.2244899999999999,1.22452
EUR/USD,20180406 10:53:18.657,1.2242899999999999,1.22432
EUR/USD,20180406 10:58:22.297,1.2240799999999998,1.22411
EUR/USD,20180406 11:03:22.340,1.22406,1.22409
EUR/USD,20180406 11:08:22.683,1.22421,1.22424
EUR/USD,20180406 11:13:25.320,1.22385,1.22387
EUR/USD,20180406 11:18:25.385,1.22385,1.22389
EUR/USD,20180406 11:23:25.778,1.22376,1.22376
EUR/USD,20180406 11:28:26.035,1.22371,1.22371
EUR/USD,20180406 11:33:26.529,1.2237200000000001,1.22375
EUR/USD,20180406 11:38:27.062,1.22369,1.22373
EUR/USD,20180406 11:43:31.019,1.2235200000000002,1.22355
EUR/USD,20180406 11:48:33.284,1.22387,1.2239
EUR/USD,20180406 11:53:33.532,1.22395,1.22399
EUR/USD,20180406 11:58:33.759,1.22325,1.22329
EUR/USD,20180406 12:03:36.459,1.22292,1.22296
EUR/USD,20180406 12:08:36.512,1.2233399999999999,1.22335
EUR/USD,20180406 12:13:37.431,1.22314,1.22316
EUR/USD,20180406 12:18:37.595,1.22346,1.22349
EUR/USD,20180406 12:23:38.017,1.22402,1.22404
EUR/USD,20180406 12:28:38.348,1.22309,1.2231299999999998
EUR/USD,20180406 12:33:38.375,1.22446,1.2245
EUR/USD,20180406 12:38:38.393,1.22445,1.2244700000000002
EUR/USD,20180406 12:43:41.139,1.22349,1.2235
EUR/USD,20180406 12:48:41.142,1.2226,1.2226299999999999
EUR/USD,20180406 12:53:41.208,1.22394,1.22396
EUR/USD,20180406 12:58:41.401,1.22444,1.22448
EUR/USD,20180406 13:03:41.462,1.22515,1.22518
EUR/USD,20180406 13:08:43.766,1.22516,1.2252
EUR/USD,20180406 13:13:43.782,1.22556,1.22558
EUR/USD,20180406 13:18:44.087,1.22671,1.22676
EUR/USD,20180406 13:23:44.810,1.22707,1.2271100000000001
EUR/USD,20180406 13:28:45.141,1.22751,1.22755
EUR/USD,20180406 13:33:45.168,1.2276799999999999,1.2277200000000001
EUR/USD,20180406 13:38:45.665,1.22732,1.2273399999999999
EUR/USD,20180406 13:43:49.608,1.2275200000000002,1.22753
EUR/USD,20180406 13:48:49.685,1.22777,1.22779
EUR/USD,20180406 13:53:49.954,1.22696,1.227
EUR/USD,20180406 13:58:50.083,1.22694,1.2269700000000001
EUR/USD,20180406 14:03:50.645,1.22659,1.22662
EUR/USD,20180406 14:08:51.558,1.22652,1.22655
EUR/USD,20180406 14:13:52.965,1.22694,1.22698
EUR/USD,20180406 14:18:53.442,1.22748,1.22751
EUR/USD,20180406 14:23:54.039,1.2266700000000001,1.2267
EUR/USD,20180406 14:28:54.327,1.22669,1.2267299999999999
EUR/USD,20180406 14:33:54.395,1.2268299999999999,1.22684
EUR/USD,20180406 14:38:54.478,1.2267700000000001,1.22681
EUR/USD,20180406 14:43:54.505,1.22733,1.22736
EUR/USD,20180406 14:48:55.081,1.2269299999999999,1.2269700000000001
EUR/USD,20180406 14:53:55.166,1.2273399999999999,1.22737
EUR/USD,20180406 14:58:56.259,1.22596,1.22601
EUR/USD,20180406 15:03:56.834,1.2263700000000002,1.2264
EUR/USD,20180406 15:08:58.415,1.22668,1.22672
EUR/USD,20180406 15:13:58.593,1.22672,1.22676
EUR/USD,20180406 15:18:59.206,1.2268299999999999,1.2268700000000001
EUR/USD,20180406 15:24:00.197,1.22727,1.2273
EUR/USD,20180406 15:29:00.612,1.22765,1.22766
EUR/USD,20180406 15:34:05.840,1.22719,1.2272299999999998
EUR/USD,20180406 15:39:07.299,1.2272100000000001,1.2272399999999999
EUR/USD,20180406 15:44:07.340,1.22775,1.2277799999999999
EUR/USD,20180406 15:49:07.417,1.2276,1.22764
EUR/USD,20180406 15:54:08.841,1.22747,1.2275
EUR/USD,20180406 15:59:08.887,1.22745,1.22749
EUR/USD,20180406 16:04:11.255,1.22707,1.2271100000000001
EUR/USD,20180406 16:09:11.277,1.2272100000000001,1.22725
EUR/USD,20180406 16:14:14.706,1.22748,1.2275200000000002
EUR/USD,20180406 16:19:15.268,1.2276200000000002,1.22765
EUR/USD,20180406 16:24:17.939,1.22761,1.22763
EUR/USD,20180406 16:29:18.780,1.22692,1.22696
EUR/USD,20180406 16:34:22.775,1.22732,1.22738
EUR/USD,20180406 16:39:23.749,1.22694,1.22698
EUR/USD,20180406 16:44:23.791,1.2272399999999999,1.22727
EUR/USD,20180406 16:49:24.146,1.22748,1.2275200000000002
EUR/USD,20180406 16:54:27.745,1.22747,1.22751
EUR/USD,20180406 16:59:28.862,1.2275200000000002,1.22755
EUR/USD,20180406 17:04:30.765,1.2275399999999999,1.22757
EUR/USD,20180406 17:09:31.616,1.22707,1.2271
EUR/USD,20180406 17:14:33.767,1.22692,1.22695
EUR/USD,20180406 17:19:33.860,1.2270299999999998,1.22706
EUR/USD,20180406 17:24:34.357,1.22722,1.22725
EUR/USD,20180406 17:29:35.056,1.2274100000000001,1.22745
EUR/USD,20180406 17:34:35.194,1.22696,1.22699
EUR/USD,20180406 17:39:35.222,1.22737,1.2274100000000001
EUR/USD,20180406 17:44:35.328,1.22758,1.2276200000000002
EUR/USD,20180406 17:49:35.526,1.22776,1.2278
EUR/USD,20180406 17:54:37.040,1.22787,1.2279
EUR/USD,20180406 17:59:37.063,1.2280799999999998,1.22812
EUR/USD,20180406 18:04:37.208,1.2287700000000001,1.22881
EUR/USD,20180406 18:09:37.527,1.22874,1.2287700000000001
EUR/USD,20180406 18:14:39.420,1.2286,1.2286299999999999
EUR/USD,20180406 18:19:40.677,1.2287,1.22874
EUR/USD,20180406 18:24:42.204,1.22832,1.22834
EUR/USD,20180406 18:29:42.595,1.22853,1.2285700000000002
EUR/USD,20180406 18:34:47.143,1.22825,1.2283
EUR/USD,20180406 18:39:47.151,1.2282600000000001,1.2282899999999999
EUR/USD,20180406 18:44:53.788,1.22797,1.2280200000000001
EUR/USD,20180406 18:49:56.098,1.22783,1.22787
EUR/USD,20180406 18:54:56.230,1.2279200000000001,1.22796
EUR/USD,20180406 18:59:56.600,1.22854,1.2285700000000002
EUR/USD,20180406 19:04:59.060,1.22868,1.22872
EUR/USD,20180406 19:09:59.100,1.2287700000000001,1.22881
EUR/USD,20180406 19:15:01.420,1.22886,1.2289
EUR/USD,20180406 19:20:02.093,1.2286700000000002,1.22872
EUR/USD,20180406 19:25:02.238,1.2287,1.22874
EUR/USD,20180406 19:30:05.309,1.22845,1.22848
EUR/USD,20180406 19:35:06.150,1.22832,1.22837
EUR/USD,20180406 19:40:06.160,1.2282,1.22823
EUR/USD,20180406 19:45:06.197,1.22823,1.2282600000000001
EUR/USD,20180406 19:50:06.455,1.2285700000000002,1.22861
EUR/USD,20180406 19:55:11.242,1.2285,1.22855
EUR/USD,20180406 20:00:11.775,1.22845,1.22848
EUR/USD,20180406 20:05:21.671,1.22851,1.22855
EUR/USD,20180406 20:10:23.080,1.22842,1.22846
EUR/USD,20180406 20:15:31.429,1.2283,1.2283600000000001
EUR/USD,20180406 20:20:39.610,1.22833,1.2283899999999999
EUR/USD,20180406 20:25:41.228,1.22822,1.2282799999999998
EUR/USD,20180406 20:31:00.686,1.22807,1.22812
EUR/USD,20180406 20:36:11.295,1.2281,1.2281600000000001
EUR/USD,20180406 20:41:17.464,1.2281,1.22814
EUR/USD,20180406 20:46:23.167,1.22801,1.2280799999999998
EUR/USD,20180406 20:51:26.920,1.228,1.22809
EUR/USD,20180406 20:56:27.182,1.2280200000000001,1.22813
EUR/USD,20180408 21:02:50.147,1.22767,1.2291299999999998
EUR/USD,20180408 21:07:51.250,1.22746,1.22811
EUR/USD,20180408 21:13:02.059,1.22767,1.22817
EUR/USD,20180408 21:18:16.383,1.22784,1.22825
EUR/USD,20180408 21:23:46.359,1.2278200000000001,1.2280799999999998
EUR/USD,20180408 21:28:50.003,1.2279,1.22824
EUR/USD,20180408 21:33:50.181,1.2278799999999999,1.22797
EUR/USD,20180408 21:38:51.471,1.22781,1.2279
EUR/USD,20180408 21:43:58.375,1.2279799999999998,1.22811
EUR/USD,20180408 21:49:08.142,1.22804,1.22825
EUR/USD,20180408 21:54:22.143,1.22815,1.2283
EUR/USD,20180408 21:59:39.075,1.22775,1.22787
EUR/USD,20180408 22:04:39.196,1.2274100000000001,1.22746
EUR/USD,20180408 22:09:49.420,1.22773,1.2278
EUR/USD,20180408 22:14:54.220,1.22771,1.2278
EUR/USD,20180408 22:19:55.388,1.22785,1.22789
EUR/USD,20180408 22:25:19.055,1.22775,1.22784
EUR/USD,20180408 22:30:26.152,1.22769,1.22775
EUR/USD,20180408 22:35:31.024,1.2274,1.2274399999999999
EUR/USD,20180408 22:40:35.994,1.2274,1.22745
EUR/USD,20180408 22:45:51.982,1.2274200000000002,1.22746
EUR/USD,20180408 22:50:53.090,1.22745,1.22751
EUR/USD,20180408 22:55:56.486,1.22738,1.2274399999999999
EUR/USD,20180408 23:01:00.023,1.2274200000000002,1.22749
EUR/USD,20180408 23:06:00.096,1.22749,1.22753
EUR/USD,20180408 23:11:02.252,1.22747,1.2275200000000002
EUR/USD,20180408 23:16:02.959,1.22717,1.2272
EUR/USD,20180408 23:21:05.928,1.2269700000000001,1.22701
EUR/USD,20180408 23:26:11.322,1.22678,1.22686
EUR/USD,20180408 23:31:14.018,1.2267299999999999,1.22676
EUR/USD,20180408 23:36:15.801,1.2267,1.2267299999999999
EUR/USD,20180408 23:41:17.445,1.2267700000000001,1.22681
EUR/USD,20180408 23:46:19.137,1.22682,1.22685
EUR/USD,20180408 23:51:23.722,1.22698,1.22702
EUR/USD,20180408 23:56:24.999,1.22715,1.22717
EUR/USD,20180409 00:01:32.695,1.2271100000000001,1.22714
EUR/USD,20180409 00:06:44.398,1.22706,1.22712
EUR/USD,20180409 00:11:44.545,1.22669,1.22674
EUR/USD,20180409 00:16:45.038,1.22684,1.22688
EUR/USD,20180409 00:21:45.242,1.22699,1.2270299999999998
EUR/USD,20180409 00:26:48.657,1.2270299999999998,1.22705
EUR/USD,20180409 00:31:53.507,1.2272100000000001,1.22726
EUR/USD,20180409 00:36:55.364,1.22739,1.2274200000000002
EUR/USD,20180409 00:41:55.754,1.22707,1.2271
EUR/USD,20180409 00:46:56.104,1.2267700000000001,1.22681
EUR/USD,20180409 00:51:57.805,1.22702,1.22705
EUR/USD,20180409 00:56:57.816,1.22747,1.22751
EUR/USD,20180409 01:01:57.968,1.2274200000000002,1.22747
EUR/USD,20180409 01:06:58.570,1.22738,1.2274200000000002
EUR/USD,20180409 01:11:59.027,1.22747,1.2275200000000002
EUR/USD,20180409 01:16:59.945,1.2273399999999999,1.22738
EUR/USD,20180409 01:21:59.966,1.22733,1.22736
EUR/USD,20180409 01:27:00.120,1.2273100000000001,1.2273399999999999
EUR/USD,20180409 01:32:00.773,1.2275,1.22755
EUR/USD,20180409 01:37:05.000,1.22763,1.22767
EUR/USD,20180409 01:42:12.407,1.2272399999999999,1.2273100000000001
EUR/USD,20180409 01:47:20.930,1.22743,1.22747
EUR/USD,20180409 01:52:36.457,1.2275,1.2275200000000002
EUR/USD,20180409 01:57:41.305,1.2273,1.22733
EUR/USD,20180409 02:02:41.422,1.2272299999999998,1.22725
EUR/USD,20180409 02:07:46.494,1.22715,1.2272100000000001
EUR/USD,20180409 02:12:53.050,1.22707,1.2271100000000001
EUR/USD,20180409 02:17:54.277,1.22714,1.22717
EUR/USD,20180409 02:22:56.985,1.2267,1.2267299999999999
EUR/USD,20180409 02:28:00.912,1.22665,1.2266700000000001
EUR/USD,20180409 02:33:05.139,1.22694,1.22698
EUR/USD,20180409 02:38:08.302,1.22695,1.22699
EUR/USD,20180409 02:43:14.491,1.22692,1.22696
EUR/USD,20180409 02:48:22.089,1.22685,1.2269
EUR/USD,20180409 02:53:23.468,1.2272399999999999,1.22726
EUR/USD,20180409 02:58:24.066,1.22725,1.22728
EUR/USD,20180409 03:03:24.384,1.22722,1.2272399999999999
EUR/USD,20180409 03:08:24.406,1.2272100000000001,1.22725
EUR/USD,20180409 03:13:25.981,1.2272399999999999,1.22727
EUR/USD,20180409 03:18:27.968,1.22692,1.22694
EUR/USD,20180409 03:23:28.021,1.22691,1.22695
EUR/USD,20180409 03:28:35.369,1.2269,1.22694
EUR/USD,20180409 03:33:38.082,1.22722,1.22726
EUR/USD,20180409 03:38:38.127,1.22708,1.2271100000000001
EUR/USD,20180409 03:43:38.379,1.2272299999999998,1.22727
EUR/USD,20180409 03:48:38.460,1.22725,1.2273100000000001
EUR/USD,20180409 03:53:39.176,1.22745,1.22748
EUR/USD,20180409 03:58:43.407,1.22728,1.22733
EUR/USD,20180409 04:03:43.466,1.22728,1.2273
EUR/USD,20180409 04:08:44.126,1.22727,1.2273
EUR/USD,20180409 04:13:45.347,1.2273,1.22733
EUR/USD,20180409 04:18:45.560,1.22738,1.2274200000000002
EUR/USD,20180409 04:23:46.763,1.2273100000000001,1.22735
EUR/USD,20180409 04:28:49.212,1.22725,1.22729
EUR/USD,20180409 04:33:49.274,1.22729,1.22732
EUR/USD,20180409 04:38:52.736,1.22737,1.2274200000000002
EUR/USD,20180409 04:43:55.391,1.22743,1.22747
EUR/USD,20180409 04:49:00.230,1.2274399999999999,1.22747
EUR/USD,20180409 04:54:00.861,1.2275399999999999,1.22758
EUR/USD,20180409 04:59:00.959,1.22759,1.2276200000000002
EUR/USD,20180409 05:04:03.400,1.22753,1.22755
EUR/USD,20180409 05:09:11.174,1.22755,1.22759
EUR/USD,20180409 05:14:18.474,1.22753,1.22758
EUR/USD,20180409 05:19:22.435,1.2275200000000002,1.22756
EUR/USD,20180409 05:24:26.695,1.22761,1.22766
EUR/USD,20180409 05:29:29.245,1.2276,1.22767
EUR/USD,20180409 05:34:35.410,1.22761,1.22766
EUR/USD,20180409 05:39:37.601,1.22779,1.22783
EUR/USD,20180409 05:44:42.239,1.22783,1.2278799999999999
EUR/USD,20180409 05:49:42.735,1.22786,1.22789
EUR/USD,20180409 05:54:44.419,1.22814,1.22819
EUR/USD,20180409 05:59:47.379,1.22846,1.2284899999999999
EUR/USD,20180409 06:04:47.478,1.22771,1.22774
EUR/USD,20180409 06:09:48.376,1.22775,1.2277799999999999
EUR/USD,20180409 06:14:48.626,1.22811,1.22813
EUR/USD,20180409 06:19:48.780,1.228,1.2280200000000001
EUR/USD,20180409 06:24:51.430,1.2277,1.22773
EUR/USD,20180409 06:29:51.539,1.22765,1.22769
EUR/USD,20180409 06:34:51.553,1.2276799999999999,1.22771
EUR/USD,20180409 06:39:51.553,1.22773,1.22775
EUR/USD,20180409 06:44:51.704,1.2277,1.22774
EUR/USD,20180409 06:49:53.234,1.22747,1.22751
EUR/USD,20180409 06:54:54.181,1.22738,1.2274200000000002
EUR/USD,20180409 06:59:54.439,1.22779,1.22783
EUR/USD,20180409 07:04:54.458,1.22684,1.22688
EUR/USD,20180409 07:09:54.516,1.22726,1.2273
EUR/USD,20180409 07:14:55.249,1.22688,1.22692
EUR/USD,20180409 07:19:55.491,1.22646,1.22651
EUR/USD,20180409 07:24:56.883,1.22676,1.22679
EUR/USD,20180409 07:29:56.919,1.22746,1.22749
EUR/USD,20180409 07:34:57.498,1.2271100000000001,1.22715
EUR/USD,20180409 07:40:00.133,1.2274200000000002,1.2274399999999999
EUR/USD,20180409 07:45:00.702,1.2272299999999998,1.22727
EUR/USD,20180409 07:50:01.024,1.22786,1.22789
EUR/USD,20180409 07:55:04.948,1.22846,1.2285
EUR/USD,20180409 08:00:04.988,1.22821,1.22824
EUR/USD,20180409 08:05:05.169,1.22786,1.2279
EUR/USD,20180409 08:10:05.344,1.22838,1.2284
EUR/USD,20180409 08:15:07.075,1.22799,1.2280200000000001
EUR/USD,20180409 08:20:07.348,1.2281,1.22813
EUR/USD,20180409 08:25:11.670,1.22806,1.2281
EUR/USD,20180409 08:30:11.728,1.22809,1.22813
EUR/USD,20180409 08:35:12.535,1.22764,1.22767
EUR/USD,20180409 08:40:14.624,1.2277799999999999,1.2278
EUR/USD,20180409 08:45:17.224,1.22761,1.22764
EUR/USD,20180409 08:50:17.655,1.22794,1.2279799999999998
EUR/USD,20180409 08:55:19.458,1.2281799999999998,1.22822
EUR/USD,20180409 09:00:20.268,1.22796,1.22799
EUR/USD,20180409 09:05:22.094,1.2281,1.22813
EUR/USD,20180409 09:10:22.165,1.2283,1.22832
EUR/USD,20180409 09:15:22.178,1.22822,1.22825
EUR/USD,20180409 09:20:27.820,1.22804,1.2280799999999998
EUR/USD,20180409 09:25:28.377,1.22803,1.22807
EUR/USD,20180409 09:30:28.441,1.22773,1.22775
EUR/USD,20180409 09:35:30.451,1.22748,1.2275200000000002
EUR/USD,20180409 09:40:31.698,1.22733,1.22736
EUR/USD,20180409 09:45:34.230,1.22737,1.2274
EUR/USD,20180409 09:50:35.823,1.22771,1.22773
EUR/USD,20180409 09:55:36.117,1.2273399999999999,1.22738
EUR/USD,20180409 10:00:36.546,1.22661,1.22665
EUR/USD,20180409 10:05:41.947,1.22692,1.22695
EUR/USD,20180409 10:10:42.901,1.2273,1.22732
EUR/USD,20180409 10:15:43.721,1.22655,1.22659
EUR/USD,20180409 10:20:44.765,1.22689,1.2269299999999999
EUR/USD,20180409 10:25:46.160,1.2268,1.2268299999999999
EUR/USD,20180409 10:30:47.443,1.22664,1.2266700000000001
EUR/USD,20180409 10:35:48.213,1.22691,1.22695
EUR/USD,20180409 10:40:49.272,1.22674,1.22676
EUR/USD,20180409 10:45:50.874,1.22678,1.22681
EUR/USD,20180409 10:50:50.930,1.22674,1.2267700000000001
EUR/USD,20180409 10:55:50.973,1.22733,1.22735
EUR/USD,20180409 11:00:51.138,1.22728,1.2273100000000001
EUR/USD,20180409 11:05:52.398,1.2272,1.22722
EUR/USD,20180409 11:10:53.098,1.22705,1.22709
EUR/USD,20180409 11:15:56.681,1.22684,1.2268700000000001
EUR/USD,20180409 11:20:58.187,1.22678,1.22681
EUR/USD,20180409 11:25:59.633,1.22761,1.22763
EUR/USD,20180409 11:31:00.224,1.2274399999999999,1.22747
EUR/USD,20180409 11:36:01.034,1.22764,1.22767
EUR/USD,20180409 11:41:01.655,1.22764,1.22766
EUR/USD,20180409 11:46:02.100,1.22796,1.22799
EUR/USD,20180409 11:51:03.410,1.2279799999999998,1.228
EUR/USD,20180409 11:56:04.679,1.22838,1.22841
EUR/USD,20180409 12:01:05.608,1.22856,1.22859
EUR/USD,20180409 12:06:05.661,1.2289299999999999,1.22895
EUR/USD,20180409 12:11:05.781,1.2298,1.22985
EUR/USD,20180409 12:16:05.787,1.23012,1.23014
EUR/USD,20180409 12:21:08.623,1.23043,1.23046
EUR/USD,20180409 12:26:09.438,1.23051,1.23054
EUR/USD,20180409 12:31:10.590,1.23055,1.23059
EUR/USD,20180409 12:36:10.647,1.23094,1.2309700000000001
EUR/USD,20180409 12:41:11.720,1.23102,1.23106
EUR/USD,20180409 12:46:12.094,1.2309999999999999,1.23102
EUR/USD,20180409 12:51:12.097,1.23101,1.2310299999999998
EUR/USD,20180409 12:56:13.855,1.23101,1.2310299999999998
EUR/USD,20180409 13:01:14.269,1.23127,1.2313
EUR/USD,20180409 13:06:14.338,1.23183,1.23186
EUR/USD,20180409 13:11:14.590,1.2317,1.23173
EUR/USD,20180409 13:16:20.718,1.23184,1.23187
EUR/USD,20180409 13:21:21.763,1.23199,1.2320200000000001
EUR/USD,20180409 13:26:21.875,1.23179,1.23183
EUR/USD,20180409 13:31:22.050,1.23171,1.23175
EUR/USD,20180409 13:36:22.215,1.23155,1.23157
EUR/USD,20180409 13:41:23.136,1.2314100000000001,1.23143
EUR/USD,20180409 13:46:24.807,1.23156,1.23159
EUR/USD,20180409 13:51:27.305,1.23183,1.23186
EUR/USD,20180409 13:56:27.818,1.23245,1.2324899999999999
EUR/USD,20180409 14:01:29.570,1.23241,1.23244
EUR/USD,20180409 14:06:32.179,1.23176,1.23179
EUR/USD,20180409 14:11:33.768,1.23187,1.23191
EUR/USD,20180409 14:16:33.871,1.2321799999999998,1.2322
EUR/USD,20180409 14:21:34.972,1.23281,1.23284
EUR/USD,20180409 14:26:35.498,1.2327,1.2327299999999999
EUR/USD,20180409 14:31:39.045,1.23232,1.23237
EUR/USD,20180409 14:36:40.185,1.2326700000000002,1.2327
EUR/USD,20180409 14:41:40.210,1.23268,1.23272
EUR/USD,20180409 14:46:42.139,1.2326700000000002,1.23271
EUR/USD,20180409 14:51:42.404,1.23224,1.23227
EUR/USD,20180409 14:56:49.432,1.23157,1.2316
EUR/USD,20180409 15:01:50.134,1.23107,1.2311
EUR/USD,20180409 15:06:52.823,1.23108,1.23111
EUR/USD,20180409 15:11:53.822,1.23138,1.2314100000000001
EUR/USD,20180409 15:16:54.218,1.23167,1.2317
EUR/USD,20180409 15:21:54.281,1.23185,1.23187
EUR/USD,20180409 15:26:57.495,1.23251,1.23255
EUR/USD,20180409 15:31:57.656,1.23224,1.23227
EUR/USD,20180409 15:36:59.428,1.23185,1.23187
EUR/USD,20180409 15:42:01.524,1.23128,1.23133
EUR/USD,20180409 15:47:01.542,1.23174,1.23177
EUR/USD,20180409 15:52:03.524,1.23187,1.2319
EUR/USD,20180409 15:57:05.439,1.23175,1.2317799999999999
EUR/USD,20180409 16:02:06.494,1.23175,1.23179
EUR/USD,20180409 16:07:06.592,1.23177,1.2318
EUR/USD,20180409 16:12:08.399,1.23158,1.2316
EUR/USD,20180409 16:17:08.525,1.23153,1.23157
EUR/USD,20180409 16:22:11.237,1.23193,1.23196
EUR/USD,20180409 16:27:12.886,1.23177,1.2318
EUR/USD,20180409 16:32:13.054,1.23197,1.23201
EUR/USD,20180409 16:37:14.811,1.23244,1.23248
EUR/USD,20180409 16:42:15.244,1.23243,1.23246
EUR/USD,20180409 16:47:15.827,1.2322799999999998,1.2323
EUR/USD,20180409 16:52:16.224,1.23201,1.23205
EUR/USD,20180409 16:57:17.997,1.2318799999999999,1.23191
EUR/USD,20180409 17:02:18.088,1.2319200000000001,1.23196
EUR/USD,20180409 17:07:18.525,1.23204,1.2320799999999998
EUR/USD,20180409 17:12:24.063,1.2319200000000001,1.23196
EUR/USD,20180409 17:17:25.492,1.23176,1.23181
EUR/USD,20180409 17:22:27.197,1.23175,1.23179
EUR/USD,20180409 17:27:30.174,1.23165,1.2316799999999999
EUR/USD,20180409 17:32:34.308,1.23155,1.23159
EUR/USD,20180409 17:37:39.125,1.23171,1.23175
EUR/USD,20180409 17:42:41.264,1.23166,1.23169
EUR/USD,20180409 17:47:41.397,1.23157,1.23161
EUR/USD,20180409 17:52:42.364,1.2314,1.23145
EUR/USD,20180409 17:57:42.371,1.23171,1.23173
EUR/USD,20180409 18:02:43.692,1.23187,1.2319
EUR/USD,20180409 18:07:47.367,1.23176,1.2318
EUR/USD,20180409 18:12:47.627,1.2314399999999999,1.23148
EUR/USD,20180409 18:17:47.704,1.23171,1.23175
EUR/USD,20180409 18:22:47.716,1.23171,1.23173
EUR/USD,20180409 18:27:50.495,1.23158,1.23163
EUR/USD,20180409 18:32:53.517,1.2318200000000001,1.23185
EUR/USD,20180409 18:37:56.162,1.2321600000000001,1.23219
EUR/USD,20180409 18:42:56.462,1.23243,1.23246
EUR/USD,20180409 18:47:57.744,1.2323899999999999,1.23243
EUR/USD,20180409 18:52:58.935,1.23237,1.2324
EUR/USD,20180409 18:57:59.614,1.2321600000000001,1.2322
EUR/USD,20180409 19:03:00.085,1.23206,1.23212
EUR/USD,20180409 19:08:03.640,1.23217,1.23221
EUR/USD,20180409 19:13:03.759,1.23184,1.23187
EUR/USD,20180409 19:18:06.948,1.23213,1.2321600000000001
EUR/USD,20180409 19:23:06.978,1.2318200000000001,1.23186
EUR/USD,20180409 19:28:07.445,1.23181,1.23183
EUR/USD,20180409 19:33:08.474,1.23193,1.23196
EUR/USD,20180409 19:38:12.309,1.23183,1.2318799999999999
EUR/USD,20180409 19:43:12.342,1.23191,1.23194
EUR/USD,20180409 19:48:12.754,1.23214,1.23217
EUR/USD,20180409 19:53:14.495,1.23213,1.23217
EUR/USD,20180409 19:58:15.105,1.23205,1.23211
EUR/USD,20180409 20:03:21.620,1.2319200000000001,1.23196
EUR/USD,20180409 20:08:22.389,1.2321,1.23214
EUR/USD,20180409 20:13:22.688,1.23213,1.2321600000000001
EUR/USD,20180409 20:18:32.721,1.2320200000000001,1.23207
EUR/USD,20180409 20:23:37.089,1.23203,1.23207
EUR/USD,20180409 20:28:38.174,1.2321,1.23215
EUR/USD,20180409 20:33:38.382,1.23187,1.23191
EUR/USD,20180409 20:38:39.082,1.2318,1.23185
EUR/USD,20180409 20:43:41.424,1.23173,1.2317799999999999
EUR/USD,20180409 20:48:42.801,1.2319,1.23193
EUR/USD,20180409 20:53:42.887,1.23183,1.23185
EUR/USD,20180409 20:58:45.064,1.23206,1.23213
EUR/USD,20180409 21:04:05.792,1.23176,1.2320799999999998
EUR/USD,20180409 21:09:09.388,1.23197,1.23211
EUR/USD,20180409 21:14:16.538,1.23195,1.23225
EUR/USD,20180409 21:19:20.415,1.23196,1.2324
EUR/USD,20180409 21:24:39.434,1.23221,1.23255
EUR/USD,20180409 21:29:41.647,1.23197,1.2322899999999999
EUR/USD,20180409 21:34:50.407,1.2320799999999998,1.23215
EUR/USD,20180409 21:39:54.195,1.23213,1.23214
EUR/USD,20180409 21:44:54.267,1.23203,1.23212
EUR/USD,20180409 21:49:56.582,1.23211,1.23224
EUR/USD,20180409 21:55:02.451,1.23205,1.23224
EUR/USD,20180409 22:00:02.991,1.23214,1.2322600000000001
EUR/USD,20180409 22:05:04.859,1.2322799999999998,1.2323600000000001
EUR/USD,20180409 22:10:08.699,1.2323600000000001,1.23242
EUR/USD,20180409 22:15:08.811,1.23244,1.23251
EUR/USD,20180409 22:20:12.734,1.23262,1.2326700000000002
EUR/USD,20180409 22:25:20.892,1.2323,1.23237
EUR/USD,20180409 22:30:22.675,1.23231,1.2323600000000001
EUR/USD,20180409 22:35:31.955,1.2323,1.2323600000000001
EUR/USD,20180409 22:40:53.945,1.23234,1.2324
EUR/USD,20180409 22:46:10.429,1.23235,1.2323899999999999
EUR/USD,20180409 22:51:19.378,1.23232,1.23235
EUR/USD,20180409 22:56:22.108,1.2322600000000001,1.23232
EUR/USD,20180409 23:01:23.596,1.2321600000000001,1.23221
EUR/USD,20180409 23:06:31.662,1.23222,1.23227
EUR/USD,20180409 23:11:34.042,1.23217,1.23222
EUR/USD,20180409 23:16:34.664,1.23219,1.23224
EUR/USD,20180409 23:21:38.183,1.2323,1.23234
EUR/USD,20180409 23:26:53.201,1.23215,1.2322
EUR/USD,20180409 23:32:09.934,1.23224,1.2323
EUR/USD,20180409 23:37:13.662,1.23244,1.2324700000000002
EUR/USD,20180409 23:42:17.642,1.23222,1.2322600000000001
EUR/USD,20180409 23:47:27.006,1.23232,1.2323600000000001
EUR/USD,20180409 23:52:30.322,1.2322899999999999,1.23235
EUR/USD,20180409 23:57:36.769,1.2322799999999998,1.23232
EUR/USD,20180410 00:02:39.710,1.23221,1.23225
EUR/USD,20180410 00:07:40.447,1.23237,1.23241
EUR/USD,20180410 00:12:40.766,1.23275,1.2327700000000001
EUR/USD,20180410 00:17:40.838,1.23243,1.23246
EUR/USD,20180410 00:22:41.181,1.23245,1.2324899999999999
EUR/USD,20180410 00:27:43.828,1.2326,1.23264
EUR/USD,20180410 00:32:50.379,1.23261,1.23265
EUR/USD,20180410 00:37:57.672,1.23262,1.23266
EUR/USD,20180410 00:43:03.740,1.2325700000000002,1.23261
EUR/USD,20180410 00:48:04.156,1.2325,1.23253
EUR/USD,20180410 00:53:04.195,1.23244,1.2324899999999999
EUR/USD,20180410 00:58:08.286,1.2324,1.23245
EUR/USD,20180410 01:03:09.359,1.2324,1.23243
EUR/USD,20180410 01:08:15.824,1.23258,1.2326
EUR/USD,20180410 01:13:24.000,1.23231,1.23235
EUR/USD,20180410 01:18:25.797,1.23225,1.2322799999999998
EUR/USD,20180410 01:23:26.925,1.23234,1.2323600000000001
EUR/USD,20180410 01:28:28.345,1.23221,1.23224
EUR/USD,20180410 01:33:30.010,1.23213,1.2321600000000001
EUR/USD,20180410 01:38:30.566,1.2320799999999998,1.23212
EUR/USD,20180410 01:43:30.647,1.23193,1.2319799999999999
EUR/USD,20180410 01:48:30.748,1.23186,1.2319
EUR/USD,20180410 01:53:30.969,1.23177,1.23181
EUR/USD,20180410 01:58:32.101,1.2319,1.23193
EUR/USD,20180410 02:03:35.210,1.23164,1.23167
EUR/USD,20180410 02:08:35.436,1.2315,1.2315399999999999
EUR/USD,20180410 02:13:35.461,1.23126,1.2313
EUR/USD,20180410 02:18:36.336,1.23138,1.2314100000000001
EUR/USD,20180410 02:23:45.184,1.2315200000000002,1.23157
EUR/USD,20180410 02:28:45.746,1.2309700000000001,1.23099
EUR/USD,20180410 02:33:46.044,1.2307700000000001,1.23081
EUR/USD,20180410 02:38:46.224,1.23102,1.23105
EUR/USD,20180410 02:43:49.867,1.23148,1.2315200000000002
EUR/USD,20180410 02:48:53.459,1.2316200000000002,1.23164
EUR/USD,20180410 02:53:53.499,1.23163,1.23167
EUR/USD,20180410 02:58:53.741,1.2317200000000001,1.23175
EUR/USD,20180410 03:03:53.926,1.23176,1.23177
EUR/USD,20180410 03:09:02.091,1.23171,1.23176
EUR/USD,20180410 03:14:02.569,1.23157,1.23158
EUR/USD,20180410 03:19:02.852,1.23136,1.2314
EUR/USD,20180410 03:24:05.314,1.23163,1.23167
EUR/USD,20180410 03:29:05.583,1.23112,1.23116
EUR/USD,20180410 03:34:06.952,1.2312100000000001,1.23125
EUR/USD,20180410 03:39:08.846,1.23133,1.23135
EUR/USD,20180410 03:44:15.188,1.23126,1.2313100000000001
EUR/USD,20180410 03:49:15.641,1.23145,1.23146
EUR/USD,20180410 03:54:18.844,1.2314,1.23145
EUR/USD,20180410 03:59:25.356,1.23148,1.23151
EUR/USD,20180410 04:04:26.906,1.23137,1.2314
EUR/USD,20180410 04:09:32.674,1.2313100000000001,1.23135
EUR/USD,20180410 04:14:33.274,1.23118,1.23122
EUR/USD,20180410 04:19:42.355,1.2312100000000001,1.23126
EUR/USD,20180410 04:24:59.367,1.23128,1.23133
EUR/USD,20180410 04:30:00.299,1.2314,1.2314200000000002
EUR/USD,20180410 04:35:00.952,1.23147,1.2315200000000002
EUR/USD,20180410 04:40:04.375,1.23143,1.23147
EUR/USD,20180410 04:45:04.394,1.23145,1.23147
EUR/USD,20180410 04:50:06.138,1.23147,1.2315200000000002
EUR/USD,20180410 04:55:13.413,1.23149,1.23153
EUR/USD,20180410 05:00:13.445,1.23165,1.23167
EUR/USD,20180410 05:05:14.241,1.23156,1.23158
EUR/USD,20180410 05:10:16.575,1.23155,1.23157
EUR/USD,20180410 05:15:17.739,1.2312299999999998,1.23126
EUR/USD,20180410 05:20:20.478,1.2313399999999999,1.23137
EUR/USD,20180410 05:25:20.482,1.23112,1.23115
EUR/USD,20180410 05:30:20.821,1.23095,1.23098
EUR/USD,20180410 05:35:24.673,1.23079,1.23081
EUR/USD,20180410 05:40:25.025,1.23109,1.23112
EUR/USD,20180410 05:45:27.430,1.23106,1.23109
EUR/USD,20180410 05:50:30.682,1.23095,1.23096
EUR/USD,20180410 05:55:33.238,1.23109,1.2311299999999998
EUR/USD,20180410 06:00:33.261,1.23089,1.23092
EUR/USD,20180410 06:05:33.816,1.23082,1.2308700000000001
EUR/USD,20180410 06:10:36.298,1.23044,1.23048
EUR/USD,20180410 06:15:36.777,1.23048,1.23051
EUR/USD,20180410 06:20:41.571,1.23059,1.23063
EUR/USD,20180410 06:25:45.486,1.2308299999999999,1.2308700000000001
EUR/USD,20180410 06:30:47.419,1.23045,1.23048
EUR/USD,20180410 06:35:48.165,1.23124,1.23127
EUR/USD,20180410 06:40:49.153,1.23149,1.23153
EUR/USD,20180410 06:45:49.790,1.23175,1.23179
EUR/USD,20180410 06:50:50.081,1.23183,1.23186
EUR/USD,20180410 06:55:50.829,1.23146,1.23149
EUR/USD,20180410 07:00:50.913,1.23161,1.23165
EUR/USD,20180410 07:05:51.223,1.23173,1.23176
EUR/USD,20180410 07:10:51.242,1.23146,1.23148
EUR/USD,20180410 07:15:51.488,1.2313,1.23133
EUR/USD,20180410 07:20:52.050,1.2319,1.23193
EUR/USD,20180410 07:25:53.135,1.2324899999999999,1.23252
EUR/USD,20180410 07:30:57.133,1.23263,1.2326700000000002
EUR/USD,20180410 07:35:57.810,1.2332100000000001,1.23325
EUR/USD,20180410 07:40:58.288,1.23274,1.23276
EUR/USD,20180410 07:45:59.853,1.23263,1.2326700000000002
EUR/USD,20180410 07:51:00.683,1.23224,1.23227
EUR/USD,20180410 07:56:00.759,1.23207,1.2321
EUR/USD,20180410 08:01:00.798,1.23256,1.2326
EUR/USD,20180410 08:06:01.209,1.23213,1.2321600000000001
EUR/USD,20180410 08:11:03.774,1.23262,1.23265
EUR/USD,20180410 08:16:04.411,1.23196,1.23199
EUR/USD,20180410 08:21:04.651,1.23203,1.23204
EUR/USD,20180410 08:26:04.883,1.23184,1.23186
EUR/USD,20180410 08:31:05.414,1.23163,1.23166
EUR/USD,20180410 08:36:06.669,1.2322799999999998,1.23231
EUR/USD,20180410 08:41:12.448,1.23238,1.23242
EUR/USD,20180410 08:46:13.717,1.23232,1.23234
EUR/USD,20180410 08:51:20.289,1.23244,1.23248
EUR/USD,20180410 08:56:20.420,1.23214,1.23215
EUR/USD,20180410 09:01:20.504,1.23254,1.2325700000000002
EUR/USD,20180410 09:06:21.500,1.23242,1.23244
EUR/USD,20180410 09:11:21.991,1.23223,1.2322600000000001
EUR/USD,20180410 09:16:23.715,1.2323,1.23233
EUR/USD,20180410 09:21:24.448,1.23243,1.23245
EUR/USD,20180410 09:26:24.489,1.23255,1.23258
EUR/USD,20180410 09:31:25.925,1.23282,1.23285
EUR/USD,20180410 09:36:34.440,1.23232,1.23237
EUR/USD,20180410 09:41:36.955,1.23217,1.2322
EUR/USD,20180410 09:46:40.569,1.23223,1.23227
EUR/USD,20180410 09:51:44.498,1.23215,1.23217
EUR/USD,20180410 09:56:48.925,1.2320799999999998,1.2321
EUR/USD,20180410 10:01:49.027,1.2322899999999999,1.23232
EUR/USD,20180410 10:06:49.353,1.2324899999999999,1.23252
EUR/USD,20180410 10:11:49.607,1.23266,1.2327
EUR/USD,20180410 10:16:59.381,1.23276,1.23279
EUR/USD,20180410 10:21:59.534,1.23262,1.23265
EUR/USD,20180410 10:27:00.276,1.23223,1.23225
EUR/USD,20180410 10:32:02.426,1.23235,1.23238
EUR/USD,20180410 10:37:03.670,1.23213,1.2321600000000001
EUR/USD,20180410 10:42:05.154,1.23214,1.23217
EUR/USD,20180410 10:47:06.669,1.2321600000000001,1.2321799999999998
EUR/USD,20180410 10:52:07.897,1.2325700000000002,1.2326
EUR/USD,20180410 10:57:07.907,1.2325,1.23253
EUR/USD,20180410 11:02:08.161,1.23219,1.23223
EUR/USD,20180410 11:07:08.394,1.23258,1.23261
EUR/USD,20180410 11:12:08.471,1.23279,1.23281
EUR/USD,20180410 11:17:13.242,1.23294,1.2329700000000001
EUR/USD,20180410 11:22:17.453,1.23295,1.23299
EUR/USD,20180410 11:27:18.680,1.2327,1.23275
EUR/USD,20180410 11:32:18.729,1.23607,1.2361
EUR/USD,20180410 11:37:19.058,1.23718,1.23718
EUR/USD,20180410 11:42:19.578,1.2364,1.23642
EUR/USD,20180410 11:47:19.581,1.2370299999999999,1.2370700000000001
EUR/USD,20180410 11:52:19.936,1.23668,1.23671
EUR/USD,20180410 11:57:20.783,1.23638,1.2364
EUR/USD,20180410 12:02:20.919,1.23591,1.2359200000000001
EUR/USD,20180410 12:07:22.975,1.23605,1.23607
EUR/USD,20180410 12:12:24.298,1.2362600000000001,1.2363
EUR/USD,20180410 12:17:25.667,1.23627,1.2362799999999998
EUR/USD,20180410 12:22:26.022,1.23638,1.2364
EUR/USD,20180410 12:27:29.545,1.23616,1.23619
EUR/USD,20180410 12:32:30.963,1.23586,1.2358799999999999
EUR/USD,20180410 12:37:31.154,1.23529,1.2353100000000001
EUR/USD,20180410 12:42:32.903,1.23558,1.23561
EUR/USD,20180410 12:47:33.361,1.23517,1.2352
EUR/USD,20180410 12:52:35.352,1.23456,1.2345899999999999
EUR/USD,20180410 12:57:37.949,1.23505,1.23508
EUR/USD,20180410 13:02:42.246,1.23491,1.23496
EUR/USD,20180410 13:07:42.669,1.23504,1.23505
EUR/USD,20180410 13:12:42.868,1.23567,1.23571
EUR/USD,20180410 13:17:45.132,1.23616,1.2361799999999998
EUR/USD,20180410 13:22:47.285,1.2359799999999999,1.23601
EUR/USD,20180410 13:27:47.818,1.2358799999999999,1.2359200000000001
EUR/USD,20180410 13:32:47.918,1.2362600000000001,1.23629
EUR/USD,20180410 13:37:48.076,1.23609,1.23614
EUR/USD,20180410 13:42:49.695,1.23643,1.23645
EUR/USD,20180410 13:47:50.074,1.23627,1.2363
EUR/USD,20180410 13:52:50.168,1.23678,1.23681
EUR/USD,20180410 13:57:50.460,1.23665,1.23669
EUR/USD,20180410 14:02:50.594,1.23643,1.2364600000000001
EUR/USD,20180410 14:07:51.936,1.23615,1.23619
EUR/USD,20180410 14:12:54.421,1.23585,1.2358799999999999
EUR/USD,20180410 14:17:55.073,1.23535,1.23539
EUR/USD,20180410 14:22:55.184,1.2354,1.23542
EUR/USD,20180410 14:27:55.638,1.23614,1.23616
EUR/USD,20180410 14:32:55.681,1.23579,1.23583
EUR/USD,20180410 14:37:58.896,1.23547,1.2355
EUR/USD,20180410 14:42:59.624,1.23583,1.23585
EUR/USD,20180410 14:48:00.470,1.23567,1.2357
EUR/USD,20180410 14:53:02.385,1.23524,1.23528
EUR/USD,20180410 14:58:04.457,1.23482,1.23485
EUR/USD,20180410 15:03:05.282,1.23506,1.23509
EUR/USD,20180410 15:08:05.325,1.2351,1.23514
EUR/USD,20180410 15:13:05.664,1.23579,1.23583
EUR/USD,20180410 15:18:06.400,1.23563,1.23564
EUR/USD,20180410 15:23:07.010,1.2354100000000001,1.2354399999999999
EUR/USD,20180410 15:28:07.016,1.2329700000000001,1.23301
EUR/USD,20180410 15:33:08.085,1.23307,1.2331
EUR/USD,20180410 15:38:08.265,1.2338200000000001,1.23386
EUR/USD,20180410 15:43:08.834,1.23337,1.2334
EUR/USD,20180410 15:48:08.847,1.23359,1.23363
EUR/USD,20180410 15:53:15.668,1.2338,1.23385
EUR/USD,20180410 15:58:15.732,1.23343,1.2334399999999999
EUR/USD,20180410 16:03:16.379,1.23403,1.23406
EUR/USD,20180410 16:08:16.814,1.2339,1.23393
EUR/USD,20180410 16:13:17.419,1.23377,1.2338
EUR/USD,20180410 16:18:17.437,1.2337799999999999,1.2338
EUR/USD,20180410 16:23:20.781,1.23384,1.2338799999999999
EUR/USD,20180410 16:28:21.297,1.23443,1.2344700000000002
EUR/USD,20180410 16:33:24.108,1.2342799999999998,1.23432
EUR/USD,20180410 16:38:24.109,1.2343,1.23435
EUR/USD,20180410 16:43:30.214,1.23452,1.23454
EUR/USD,20180410 16:48:31.224,1.2344600000000001,1.2345
EUR/USD,20180410 16:53:32.274,1.23472,1.2347700000000001
EUR/USD,20180410 16:58:32.609,1.2339799999999999,1.234
EUR/USD,20180410 17:03:34.025,1.23413,1.2341600000000001
EUR/USD,20180410 17:08:34.763,1.2344600000000001,1.2345
EUR/USD,20180410 17:13:35.404,1.23448,1.23453
EUR/USD,20180410 17:18:36.216,1.2345899999999999,1.23464
EUR/USD,20180410 17:23:38.602,1.23522,1.23526
EUR/USD,20180410 17:28:41.354,1.23569,1.2357200000000002
EUR/USD,20180410 17:33:42.540,1.23543,1.23547
EUR/USD,20180410 17:38:44.065,1.23546,1.2355
EUR/USD,20180410 17:43:44.367,1.23527,1.2353100000000001
EUR/USD,20180410 17:48:45.819,1.2355399999999999,1.23557
EUR/USD,20180410 17:53:47.895,1.2349700000000001,1.23502
EUR/USD,20180410 17:58:49.314,1.2347,1.23474
EUR/USD,20180410 18:03:49.936,1.23465,1.23468
EUR/USD,20180410 18:08:54.141,1.23495,1.23498
EUR/USD,20180410 18:13:54.394,1.23494,1.23498
EUR/USD,20180410 18:18:59.111,1.23511,1.23517
EUR/USD,20180410 18:24:02.467,1.23512,1.23517
EUR/USD,20180410 18:29:03.458,1.23512,1.23516
EUR/USD,20180410 18:34:03.835,1.23486,1.2349
EUR/USD,20180410 18:39:04.717,1.23537,1.2354
EUR/USD,20180410 18:44:04.965,1.23557,1.23561
EUR/USD,20180410 18:49:05.038,1.23557,1.23563
EUR/USD,20180410 18:54:06.044,1.2358200000000001,1.23586
EUR/USD,20180410 18:59:06.730,1.2359200000000001,1.23597
EUR/USD,20180410 19:04:07.309,1.23584,1.2358799999999999
EUR/USD,20180410 19:09:07.587,1.2359200000000001,1.23597
EUR/USD,20180410 19:14:13.571,1.23589,1.23594
EUR/USD,20180410 19:19:13.580,1.23567,1.2357
EUR/USD,20180410 19:24:14.707,1.23561,1.23564
EUR/USD,20180410 19:29:15.458,1.23556,1.2356
EUR/USD,20180410 19:34:24.545,1.23537,1.23539
EUR/USD,20180410 19:39:26.568,1.2355,1.2355399999999999
EUR/USD,20180410 19:44:30.843,1.23536,1.23539
EUR/USD,20180410 19:49:32.937,1.23567,1.23571
EUR/USD,20180410 19:54:33.498,1.23566,1.23569
EUR/USD,20180410 19:59:34.095,1.2354,1.23545
EUR/USD,20180410 20:04:36.901,1.23547,1.2355
EUR/USD,20180410 20:09:41.356,1.23561,1.23567
EUR/USD,20180410 20:14:48.452,1.23553,1.23557
EUR/USD,20180410 20:20:00.513,1.23553,1.23557
EUR/USD,20180410 20:25:00.679,1.23547,1.2355
EUR/USD,20180410 20:30:00.880,1.23545,1.2355200000000002
EUR/USD,20180410 20:35:02.457,1.23546,1.2355200000000002
EUR/USD,20180410 20:40:05.464,1.23545,1.23549
EUR/USD,20180410 20:45:09.030,1.2353100000000001,1.23535
EUR/USD,20180410 20:50:10.251,1.23546,1.23551
EUR/USD,20180410 20:55:13.000,1.23543,1.23549
EUR/USD,20180410 21:00:14.700,1.23546,1.2357
EUR/USD,20180410 21:05:22.940,1.23538,1.2356200000000002
EUR/USD,20180410 21:10:25.770,1.23543,1.23563
EUR/USD,20180410 21:15:26.912,1.2354100000000001,1.23557
EUR/USD,20180410 21:20:34.763,1.23546,1.23563
