EUR/USD,20170901 00:00:00.154,1.19089,1.1909399999999999
EUR/USD,20170901 00:05:00.600,1.1908,1.1908100000000001
EUR/USD,20170901 00:10:00.713,1.19089,1.1909299999999998
EUR/USD,20170901 00:15:00.812,1.19095,1.1909999999999998
EUR/USD,20170901 00:20:00.839,1.1908299999999998,1.19087
EUR/USD,20170901 00:25:01.680,1.19076,1.1908
EUR/USD,20170901 00:30:02.621,1.1908,1.1908299999999998
EUR/USD,20170901 00:35:04.934,1.19076,1.19079
EUR/USD,20170901 00:40:12.405,1.19066,1.19071
EUR/USD,20170901 00:45:16.718,1.19065,1.19071
EUR/USD,20170901 00:50:17.269,1.19072,1.19075
EUR/USD,20170901 00:55:19.347,1.19079,1.1908
EUR/USD,20170901 01:00:21.819,1.19109,1.19113
EUR/USD,20170901 01:05:29.714,1.19087,1.1909100000000001
EUR/USD,20170901 01:10:30.089,1.19078,1.19079
EUR/USD,20170901 01:15:31.843,1.19086,1.1909
EUR/USD,20170901 01:20:39.694,1.19086,1.19089
EUR/USD,20170901 01:25:46.588,1.19074,1.1908100000000001
EUR/USD,20170901 01:30:47.854,1.19075,1.19079
EUR/USD,20170901 01:35:54.332,1.19082,1.19088
EUR/USD,20170901 01:40:56.424,1.19075,1.19079
EUR/USD,20170901 01:45:57.950,1.19071,1.19075
EUR/USD,20170901 01:51:00.323,1.19077,1.19078
EUR/USD,20170901 01:56:05.950,1.1907299999999998,1.19078
EUR/USD,20170901 02:01:06.736,1.1907,1.1907299999999998
EUR/USD,20170901 02:06:16.355,1.19076,1.19079
EUR/USD,20170901 02:11:16.773,1.19099,1.19102
EUR/USD,20170901 02:16:17.201,1.19116,1.19119
EUR/USD,20170901 02:21:18.617,1.1911100000000001,1.19116
EUR/USD,20170901 02:26:24.506,1.19095,1.1909999999999998
EUR/USD,20170901 02:31:25.037,1.19092,1.19095
EUR/USD,20170901 02:36:25.627,1.19064,1.19068
EUR/USD,20170901 02:41:30.182,1.1905700000000001,1.19062
EUR/USD,20170901 02:46:31.121,1.1906700000000001,1.19071
EUR/USD,20170901 02:51:34.829,1.19071,1.19077
EUR/USD,20170901 02:56:37.240,1.19077,1.1908
EUR/USD,20170901 03:01:38.151,1.19051,1.19055
EUR/USD,20170901 03:06:42.647,1.1904700000000001,1.19051
EUR/USD,20170901 03:11:45.604,1.1906,1.19065
EUR/USD,20170901 03:16:48.379,1.19071,1.19075
EUR/USD,20170901 03:21:49.170,1.19078,1.1908100000000001
EUR/USD,20170901 03:27:24.784,1.1908299999999998,1.19087
EUR/USD,20170901 03:32:24.983,1.1907,1.19072
EUR/USD,20170901 03:37:30.179,1.1904299999999999,1.1904700000000001
EUR/USD,20170901 03:42:33.844,1.19034,1.1903700000000002
EUR/USD,20170901 03:47:34.910,1.19031,1.19036
EUR/USD,20170901 03:52:35.008,1.19012,1.19015
EUR/USD,20170901 03:57:39.774,1.19014,1.19016
EUR/USD,20170901 04:02:41.180,1.19012,1.19015
EUR/USD,20170901 04:07:45.010,1.19012,1.19014
EUR/USD,20170901 04:12:49.566,1.19034,1.1904
EUR/USD,20170901 04:18:00.814,1.1900899999999999,1.19015
EUR/USD,20170901 04:23:04.318,1.19012,1.19015
EUR/USD,20170901 04:28:04.612,1.18995,1.18997
EUR/USD,20170901 04:33:04.642,1.18985,1.18989
EUR/USD,20170901 04:38:11.259,1.1898,1.18985
EUR/USD,20170901 04:43:18.273,1.18961,1.18966
EUR/USD,20170901 04:48:21.723,1.18961,1.18967
EUR/USD,20170901 04:53:29.535,1.18965,1.1897
EUR/USD,20170901 04:58:29.722,1.1895799999999999,1.18961
EUR/USD,20170901 05:03:31.490,1.1895200000000001,1.18956
EUR/USD,20170901 05:08:36.036,1.1893799999999999,1.18941
EUR/USD,20170901 05:13:36.037,1.1895200000000001,1.18956
EUR/USD,20170901 05:18:38.285,1.18957,1.18961
EUR/USD,20170901 05:23:38.972,1.18957,1.18961
EUR/USD,20170901 05:28:40.013,1.18926,1.1893
EUR/USD,20170901 05:33:40.248,1.18925,1.18929
EUR/USD,20170901 05:38:40.567,1.18919,1.18926
EUR/USD,20170901 05:43:40.863,1.18896,1.189
EUR/USD,20170901 05:48:42.474,1.18921,1.18926
EUR/USD,20170901 05:53:45.664,1.18915,1.18918
EUR/USD,20170901 05:58:46.889,1.18899,1.18903
EUR/USD,20170901 06:03:46.974,1.18945,1.1894799999999999
EUR/USD,20170901 06:08:47.133,1.1904700000000001,1.19049
EUR/USD,20170901 06:13:47.403,1.19005,1.19008
EUR/USD,20170901 06:18:48.968,1.18967,1.18969
EUR/USD,20170901 06:23:49.022,1.18957,1.1896
EUR/USD,20170901 06:28:49.046,1.18949,1.1895200000000001
EUR/USD,20170901 06:33:49.063,1.1894,1.18943
EUR/USD,20170901 06:38:51.689,1.189,1.1890399999999999
EUR/USD,20170901 06:43:52.859,1.1886,1.18864
EUR/USD,20170901 06:48:54.198,1.1885,1.18854
EUR/USD,20170901 06:53:57.282,1.1884700000000001,1.18851
EUR/USD,20170901 06:58:57.455,1.18855,1.18859
EUR/USD,20170901 07:03:57.479,1.1882,1.18823
EUR/USD,20170901 07:08:57.963,1.18798,1.18801
EUR/USD,20170901 07:14:00.100,1.18877,1.18879
EUR/USD,20170901 07:19:00.164,1.18872,1.18876
EUR/USD,20170901 07:24:00.321,1.18877,1.18879
EUR/USD,20170901 07:29:00.382,1.18875,1.18878
EUR/USD,20170901 07:34:00.664,1.1889299999999998,1.18896
EUR/USD,20170901 07:39:01.485,1.18832,1.18835
EUR/USD,20170901 07:44:02.674,1.18832,1.18835
EUR/USD,20170901 07:49:04.628,1.18844,1.18846
EUR/USD,20170901 07:54:08.257,1.1880600000000001,1.18808
EUR/USD,20170901 07:59:08.590,1.18876,1.18878
EUR/USD,20170901 08:04:08.800,1.18845,1.1884700000000001
EUR/USD,20170901 08:09:11.342,1.1885,1.1885299999999999
EUR/USD,20170901 08:14:12.036,1.18921,1.18923
EUR/USD,20170901 08:19:16.945,1.18918,1.18921
EUR/USD,20170901 08:24:19.919,1.18919,1.18921
EUR/USD,20170901 08:29:21.476,1.1895799999999999,1.18959
EUR/USD,20170901 08:34:22.085,1.18977,1.1898
EUR/USD,20170901 08:39:22.368,1.18944,1.18945
EUR/USD,20170901 08:44:23.769,1.1897,1.18973
EUR/USD,20170901 08:49:23.948,1.18944,1.18945
EUR/USD,20170901 08:54:24.929,1.1894,1.1894200000000001
EUR/USD,20170901 08:59:25.032,1.18951,1.1895200000000001
EUR/USD,20170901 09:04:25.744,1.19032,1.19035
EUR/USD,20170901 09:09:29.252,1.1901700000000002,1.1902
EUR/USD,20170901 09:14:29.330,1.19012,1.19013
EUR/USD,20170901 09:19:33.348,1.19023,1.19026
EUR/USD,20170901 09:24:33.388,1.18994,1.1899600000000001
EUR/USD,20170901 09:29:33.600,1.19,1.19002
EUR/USD,20170901 09:34:35.872,1.18984,1.18987
EUR/USD,20170901 09:39:37.987,1.18965,1.1896799999999998
EUR/USD,20170901 09:44:47.113,1.1896799999999998,1.1897
EUR/USD,20170901 09:49:49.015,1.18934,1.1893799999999999
EUR/USD,20170901 09:54:49.350,1.18934,1.18935
EUR/USD,20170901 09:59:49.522,1.18951,1.18953
EUR/USD,20170901 10:04:49.712,1.1909,1.1909399999999999
EUR/USD,20170901 10:09:49.735,1.19113,1.19115
EUR/USD,20170901 10:14:50.103,1.1907299999999998,1.19075
EUR/USD,20170901 10:19:50.398,1.1913200000000002,1.19135
EUR/USD,20170901 10:24:50.782,1.19133,1.19134
EUR/USD,20170901 10:29:51.196,1.1910100000000001,1.1910399999999999
EUR/USD,20170901 10:34:51.309,1.19149,1.19149
EUR/USD,20170901 10:39:52.559,1.19133,1.19137
EUR/USD,20170901 10:44:56.560,1.1914799999999999,1.1915
EUR/USD,20170901 10:49:58.096,1.1914799999999999,1.19151
EUR/USD,20170901 10:54:59.142,1.19133,1.19136
EUR/USD,20170901 10:59:59.345,1.1914799999999999,1.19151
EUR/USD,20170901 11:05:02.782,1.19143,1.19146
EUR/USD,20170901 11:10:03.561,1.19108,1.1911100000000001
EUR/USD,20170901 11:15:04.917,1.19117,1.19119
EUR/USD,20170901 11:20:06.648,1.1916200000000001,1.19163
EUR/USD,20170901 11:25:07.158,1.19167,1.1917
EUR/USD,20170901 11:30:09.819,1.19171,1.19175
EUR/USD,20170901 11:35:16.002,1.1919600000000001,1.1919899999999999
EUR/USD,20170901 11:40:17.046,1.19201,1.19203
EUR/USD,20170901 11:45:17.906,1.19157,1.19159
EUR/USD,20170901 11:50:19.022,1.19208,1.1921
EUR/USD,20170901 11:55:19.028,1.1920600000000001,1.19207
EUR/USD,20170901 12:00:19.077,1.19164,1.19166
EUR/USD,20170901 12:05:20.239,1.19179,1.19182
EUR/USD,20170901 12:10:20.309,1.19197,1.192
EUR/USD,20170901 12:15:20.321,1.19225,1.19226
EUR/USD,20170901 12:20:20.381,1.19193,1.1919600000000001
EUR/USD,20170901 12:25:23.393,1.1918799999999998,1.19191
EUR/USD,20170901 12:30:23.596,1.1960899999999999,1.19641
EUR/USD,20170901 12:35:23.673,1.19688,1.1969
EUR/USD,20170901 12:40:23.673,1.1952,1.1952399999999999
EUR/USD,20170901 12:45:23.709,1.19216,1.19221
EUR/USD,20170901 12:50:24.350,1.1909399999999999,1.19097
EUR/USD,20170901 12:55:24.397,1.18937,1.1894200000000001
EUR/USD,20170901 13:00:24.463,1.19031,1.19032
EUR/USD,20170901 13:05:25.322,1.19181,1.19182
EUR/USD,20170901 13:10:25.508,1.19054,1.1905700000000001
EUR/USD,20170901 13:15:25.731,1.18966,1.1897
EUR/USD,20170901 13:20:26.010,1.18982,1.1898600000000001
EUR/USD,20170901 13:25:26.300,1.18941,1.18945
EUR/USD,20170901 13:30:27.757,1.1901899999999999,1.19022
EUR/USD,20170901 13:35:28.138,1.18997,1.19
EUR/USD,20170901 13:40:28.335,1.1885,1.18855
EUR/USD,20170901 13:45:28.391,1.18798,1.18802
EUR/USD,20170901 13:50:28.435,1.1872,1.18723
EUR/USD,20170901 13:55:28.832,1.18689,1.1869299999999998
EUR/USD,20170901 14:00:28.837,1.18544,1.18544
EUR/USD,20170901 14:05:28.884,1.18642,1.18646
EUR/USD,20170901 14:10:28.965,1.1872,1.18724
EUR/USD,20170901 14:15:29.854,1.18718,1.18719
EUR/USD,20170901 14:20:30.106,1.1876799999999998,1.18771
EUR/USD,20170901 14:25:30.119,1.18703,1.18703
EUR/USD,20170901 14:30:30.628,1.18754,1.18757
EUR/USD,20170901 14:35:30.813,1.1869299999999998,1.1869399999999999
EUR/USD,20170901 14:40:31.403,1.1878,1.18784
EUR/USD,20170901 14:45:31.515,1.18842,1.18845
EUR/USD,20170901 14:50:32.725,1.18858,1.1886
EUR/USD,20170901 14:55:32.743,1.1884700000000001,1.1885
EUR/USD,20170901 15:00:32.914,1.1878600000000001,1.18789
EUR/USD,20170901 15:05:35.543,1.18838,1.18841
EUR/USD,20170901 15:10:37.543,1.18782,1.18785
EUR/USD,20170901 15:15:37.635,1.1872200000000002,1.1872200000000002
EUR/USD,20170901 15:20:37.769,1.18684,1.18687
EUR/USD,20170901 15:25:39.957,1.18654,1.1865700000000001
EUR/USD,20170901 15:30:40.610,1.18692,1.1869399999999999
EUR/USD,20170901 15:35:42.163,1.18772,1.18776
EUR/USD,20170901 15:40:42.179,1.1883,1.1883299999999999
EUR/USD,20170901 15:45:43.089,1.1885,1.18852
EUR/USD,20170901 15:50:43.322,1.1888100000000001,1.1888299999999998
EUR/USD,20170901 15:55:44.122,1.18848,1.18852
EUR/USD,20170901 16:00:44.367,1.1875,1.18753
EUR/USD,20170901 16:05:50.042,1.1879,1.18793
EUR/USD,20170901 16:10:50.158,1.1881899999999999,1.18822
EUR/USD,20170901 16:15:52.603,1.18793,1.18797
EUR/USD,20170901 16:20:52.787,1.18823,1.18823
EUR/USD,20170901 16:25:53.750,1.18848,1.18852
EUR/USD,20170901 16:30:54.049,1.1880899999999999,1.18811
EUR/USD,20170901 16:35:57.067,1.18763,1.18765
EUR/USD,20170901 16:41:02.846,1.18731,1.18736
EUR/USD,20170901 16:46:03.106,1.18723,1.18724
EUR/USD,20170901 16:51:04.391,1.18724,1.18727
EUR/USD,20170901 16:56:04.812,1.18678,1.1868100000000001
EUR/USD,20170901 17:01:07.170,1.18624,1.1862700000000002
EUR/USD,20170901 17:06:07.290,1.18664,1.1866700000000001
EUR/USD,20170901 17:11:07.318,1.18631,1.18634
EUR/USD,20170901 17:16:07.390,1.18616,1.18618
EUR/USD,20170901 17:21:09.832,1.18677,1.18678
EUR/USD,20170901 17:26:13.575,1.18688,1.18692
EUR/USD,20170901 17:31:13.855,1.18622,1.18625
EUR/USD,20170901 17:36:14.290,1.18638,1.18641
EUR/USD,20170901 17:41:15.346,1.18605,1.18608
EUR/USD,20170901 17:46:17.543,1.1866299999999999,1.18668
EUR/USD,20170901 17:51:18.771,1.18682,1.18686
EUR/USD,20170901 17:56:19.961,1.18672,1.18676
EUR/USD,20170901 18:01:22.199,1.18662,1.18666
EUR/USD,20170901 18:06:24.517,1.18674,1.18678
EUR/USD,20170901 18:11:24.890,1.1871399999999999,1.18715
EUR/USD,20170901 18:16:25.047,1.18749,1.1875200000000001
EUR/USD,20170901 18:21:25.521,1.18707,1.18709
EUR/USD,20170901 18:26:26.104,1.18658,1.18662
EUR/USD,20170901 18:31:28.256,1.18632,1.18635
EUR/USD,20170901 18:36:29.069,1.1866299999999999,1.18666
EUR/USD,20170901 18:41:29.617,1.18649,1.18652
EUR/USD,20170901 18:46:30.212,1.1866,1.18664
EUR/USD,20170901 18:51:31.616,1.18635,1.18638
EUR/USD,20170901 18:56:32.846,1.18658,1.18662
EUR/USD,20170901 19:01:35.384,1.18676,1.18678
EUR/USD,20170901 19:06:44.286,1.18648,1.18655
EUR/USD,20170901 19:11:45.801,1.1866,1.1866299999999999
EUR/USD,20170901 19:16:49.151,1.18649,1.1865299999999999
EUR/USD,20170901 19:21:50.670,1.18634,1.18638
EUR/USD,20170901 19:26:51.213,1.1865700000000001,1.18661
EUR/USD,20170901 19:31:52.227,1.1865299999999999,1.1865700000000001
EUR/USD,20170901 19:36:55.049,1.18679,1.18679
EUR/USD,20170901 19:41:57.759,1.18664,1.18668
EUR/USD,20170901 19:46:59.738,1.18649,1.18654
EUR/USD,20170901 19:52:05.208,1.1865299999999999,1.18658
EUR/USD,20170901 19:57:06.506,1.18648,1.18652
EUR/USD,20170901 20:02:10.578,1.18628,1.18632
EUR/USD,20170901 20:07:12.603,1.18632,1.1863700000000001
EUR/USD,20170901 20:12:15.759,1.18623,1.18629
EUR/USD,20170901 20:17:19.863,1.1862,1.18623
EUR/USD,20170901 20:22:23.602,1.18628,1.18634
EUR/USD,20170901 20:27:27.250,1.18613,1.18618
EUR/USD,20170901 20:32:31.849,1.1859,1.18593
EUR/USD,20170901 20:37:33.971,1.18595,1.18602
EUR/USD,20170901 20:42:35.788,1.18597,1.186
EUR/USD,20170901 20:47:37.928,1.186,1.1860700000000002
EUR/USD,20170901 20:52:39.607,1.18618,1.1862700000000002
EUR/USD,20170901 20:57:43.575,1.18623,1.18641
EUR/USD,20170903 21:02:30.709,1.18769,1.1887299999999998
EUR/USD,20170903 21:07:34.627,1.18755,1.1883
EUR/USD,20170903 21:12:44.253,1.18765,1.18851
EUR/USD,20170903 21:17:47.985,1.1879899999999999,1.1883299999999999
EUR/USD,20170903 21:22:48.196,1.18808,1.18849
EUR/USD,20170903 21:27:50.431,1.18808,1.18824
EUR/USD,20170903 21:32:50.460,1.18795,1.1880700000000002
EUR/USD,20170903 21:37:57.312,1.18782,1.18808
EUR/USD,20170903 21:43:02.976,1.1876200000000001,1.1878799999999998
EUR/USD,20170903 21:48:03.444,1.18772,1.18803
EUR/USD,20170903 21:53:05.352,1.18802,1.18839
EUR/USD,20170903 21:58:05.353,1.18775,1.18805
EUR/USD,20170903 22:03:06.218,1.1876200000000001,1.18775
EUR/USD,20170903 22:08:07.198,1.18777,1.18784
EUR/USD,20170903 22:13:10.185,1.18771,1.18775
EUR/USD,20170903 22:18:10.701,1.1880899999999999,1.18814
EUR/USD,20170903 22:23:10.830,1.18782,1.18785
EUR/USD,20170903 22:28:18.531,1.18773,1.18779
EUR/USD,20170903 22:33:20.243,1.18811,1.18816
EUR/USD,20170903 22:38:21.016,1.18836,1.18842
EUR/USD,20170903 22:43:23.473,1.18828,1.18834
EUR/USD,20170903 22:48:28.775,1.1879,1.18795
EUR/USD,20170903 22:53:29.276,1.18781,1.18794
EUR/USD,20170903 22:58:30.096,1.18789,1.18794
EUR/USD,20170903 23:03:31.453,1.18797,1.1879899999999999
EUR/USD,20170903 23:08:33.440,1.18824,1.18829
EUR/USD,20170903 23:13:40.115,1.18834,1.18839
EUR/USD,20170903 23:18:40.968,1.1882,1.18824
EUR/USD,20170903 23:23:42.401,1.18801,1.18804
EUR/USD,20170903 23:28:50.638,1.18821,1.18826
EUR/USD,20170903 23:33:50.655,1.1879600000000001,1.1879899999999999
EUR/USD,20170903 23:38:50.972,1.1880700000000002,1.18813
EUR/USD,20170903 23:43:52.474,1.18792,1.18795
EUR/USD,20170903 23:48:54.807,1.1884,1.18845
EUR/USD,20170903 23:53:55.282,1.18815,1.1882
EUR/USD,20170903 23:58:59.731,1.18818,1.18823
EUR/USD,20170904 00:03:59.875,1.18839,1.1884299999999999
EUR/USD,20170904 00:09:00.999,1.18839,1.18844
EUR/USD,20170904 00:14:02.790,1.18855,1.18858
EUR/USD,20170904 00:19:04.694,1.1884,1.1884299999999999
EUR/USD,20170904 00:24:08.973,1.18832,1.18834
EUR/USD,20170904 00:29:09.210,1.18813,1.18815
EUR/USD,20170904 00:34:10.319,1.18805,1.18808
EUR/USD,20170904 00:39:11.009,1.18798,1.18801
EUR/USD,20170904 00:44:17.483,1.18822,1.18828
EUR/USD,20170904 00:49:17.791,1.18821,1.18825
EUR/USD,20170904 00:54:17.857,1.1882,1.18824
EUR/USD,20170904 00:59:18.224,1.18805,1.1880899999999999
EUR/USD,20170904 01:04:20.465,1.18824,1.18829
EUR/USD,20170904 01:09:25.299,1.1884700000000001,1.1885
EUR/USD,20170904 01:14:27.624,1.18839,1.18844
EUR/USD,20170904 01:19:29.649,1.1886299999999999,1.18865
EUR/USD,20170904 01:24:29.903,1.18886,1.18889
EUR/USD,20170904 01:29:30.202,1.1886700000000001,1.18874
EUR/USD,20170904 01:34:30.255,1.1887299999999998,1.18876
EUR/USD,20170904 01:39:30.536,1.18869,1.18872
EUR/USD,20170904 01:44:32.371,1.18861,1.18866
EUR/USD,20170904 01:49:37.446,1.18866,1.18866
EUR/USD,20170904 01:54:37.642,1.18845,1.18848
EUR/USD,20170904 01:59:40.304,1.18831,1.18832
EUR/USD,20170904 02:04:40.329,1.18818,1.18821
EUR/USD,20170904 02:09:42.162,1.1879899999999999,1.18801
EUR/USD,20170904 02:14:44.573,1.18789,1.18792
EUR/USD,20170904 02:19:44.662,1.18815,1.1882
EUR/USD,20170904 02:24:44.736,1.1880899999999999,1.18812
EUR/USD,20170904 02:29:50.703,1.1879899999999999,1.18805
EUR/USD,20170904 02:34:51.716,1.18823,1.18828
EUR/USD,20170904 02:39:54.870,1.18824,1.18828
EUR/USD,20170904 02:45:00.571,1.1880700000000002,1.1881
EUR/USD,20170904 02:50:01.091,1.18826,1.1882700000000002
EUR/USD,20170904 02:55:04.649,1.18831,1.18834
EUR/USD,20170904 03:00:04.814,1.18828,1.1883
EUR/USD,20170904 03:05:04.873,1.1885,1.18852
EUR/USD,20170904 03:10:05.914,1.18859,1.1886299999999999
EUR/USD,20170904 03:15:06.494,1.18838,1.18842
EUR/USD,20170904 03:20:07.679,1.18822,1.18825
EUR/USD,20170904 03:25:08.225,1.18818,1.18821
EUR/USD,20170904 03:30:08.245,1.18814,1.1881700000000002
EUR/USD,20170904 03:35:09.152,1.1881700000000002,1.18821
EUR/USD,20170904 03:40:17.314,1.18818,1.18822
EUR/USD,20170904 03:45:21.007,1.18808,1.18813
EUR/USD,20170904 03:50:27.397,1.18804,1.1881
EUR/USD,20170904 03:55:33.070,1.18802,1.18805
EUR/USD,20170904 04:00:36.543,1.1879600000000001,1.1879899999999999
EUR/USD,20170904 04:05:37.689,1.18803,1.1880600000000001
EUR/USD,20170904 04:10:38.419,1.18804,1.18808
EUR/USD,20170904 04:15:38.745,1.18808,1.18813
EUR/USD,20170904 04:20:39.184,1.18789,1.18793
EUR/USD,20170904 04:25:39.964,1.18804,1.18808
EUR/USD,20170904 04:30:42.400,1.18801,1.1880700000000002
EUR/USD,20170904 04:35:43.728,1.1881700000000002,1.18821
EUR/USD,20170904 04:40:49.477,1.1881700000000002,1.18824
EUR/USD,20170904 04:45:51.698,1.18825,1.1882700000000002
EUR/USD,20170904 04:51:00.606,1.18836,1.18842
EUR/USD,20170904 04:56:00.711,1.18821,1.18825
EUR/USD,20170904 05:01:01.393,1.18829,1.18831
EUR/USD,20170904 05:06:02.588,1.1884,1.1884299999999999
EUR/USD,20170904 05:11:09.049,1.18814,1.18818
EUR/USD,20170904 05:16:09.419,1.18834,1.18838
EUR/USD,20170904 05:21:12.054,1.18832,1.18835
EUR/USD,20170904 05:26:12.780,1.18851,1.18855
EUR/USD,20170904 05:31:13.327,1.18828,1.1883299999999999
EUR/USD,20170904 05:36:20.983,1.18865,1.1887
EUR/USD,20170904 05:41:21.260,1.18861,1.18866
EUR/USD,20170904 05:46:30.777,1.1886700000000001,1.18871
EUR/USD,20170904 05:51:30.826,1.1886299999999999,1.18868
EUR/USD,20170904 05:56:31.101,1.18856,1.18858
EUR/USD,20170904 06:01:31.309,1.18861,1.1886299999999999
EUR/USD,20170904 06:06:31.314,1.18983,1.18985
EUR/USD,20170904 06:11:31.432,1.19004,1.19008
EUR/USD,20170904 06:16:32.021,1.18973,1.18974
EUR/USD,20170904 06:21:32.057,1.1899,1.18992
EUR/USD,20170904 06:26:32.597,1.18903,1.18906
EUR/USD,20170904 06:31:36.150,1.1892399999999999,1.18927
EUR/USD,20170904 06:36:36.173,1.18823,1.18825
EUR/USD,20170904 06:41:37.631,1.18852,1.1885700000000001
EUR/USD,20170904 06:46:37.795,1.18838,1.18839
EUR/USD,20170904 06:51:38.812,1.18864,1.18866
EUR/USD,20170904 06:56:43.114,1.18877,1.1888299999999998
EUR/USD,20170904 07:01:44.311,1.18981,1.18985
EUR/USD,20170904 07:06:44.383,1.18903,1.18906
EUR/USD,20170904 07:11:44.438,1.18939,1.18943
EUR/USD,20170904 07:16:44.951,1.18975,1.1897799999999998
EUR/USD,20170904 07:21:46.750,1.18908,1.1891
EUR/USD,20170904 07:26:57.048,1.18897,1.1890100000000001
EUR/USD,20170904 07:31:57.175,1.1890399999999999,1.18906
EUR/USD,20170904 07:36:57.585,1.18919,1.18921
EUR/USD,20170904 07:41:57.792,1.18877,1.1888100000000001
EUR/USD,20170904 07:46:58.305,1.18925,1.18927
EUR/USD,20170904 07:51:59.843,1.18919,1.1892200000000002
EUR/USD,20170904 07:56:59.994,1.18971,1.18972
EUR/USD,20170904 08:02:01.451,1.18963,1.18965
EUR/USD,20170904 08:07:01.856,1.18909,1.1891100000000001
EUR/USD,20170904 08:12:04.841,1.18916,1.18918
EUR/USD,20170904 08:17:05.944,1.18959,1.1896200000000001
EUR/USD,20170904 08:22:07.174,1.18984,1.18987
EUR/USD,20170904 08:27:07.542,1.19087,1.1909
EUR/USD,20170904 08:32:08.311,1.1909299999999998,1.19095
EUR/USD,20170904 08:37:09.037,1.1913200000000002,1.19135
EUR/USD,20170904 08:42:09.459,1.19102,1.19106
EUR/USD,20170904 08:47:11.225,1.1917,1.1917200000000001
EUR/USD,20170904 08:52:13.543,1.19159,1.1916200000000001
EUR/USD,20170904 08:57:13.684,1.19176,1.19179
EUR/USD,20170904 09:02:14.427,1.1918,1.19182
EUR/USD,20170904 09:07:14.847,1.19189,1.19193
EUR/USD,20170904 09:12:16.999,1.1920899999999999,1.19211
EUR/USD,20170904 09:17:21.712,1.19181,1.19184
EUR/USD,20170904 09:22:24.294,1.19103,1.19107
EUR/USD,20170904 09:27:24.918,1.19095,1.19097
EUR/USD,20170904 09:32:27.038,1.19106,1.1911
EUR/USD,20170904 09:37:30.005,1.19098,1.1909999999999998
EUR/USD,20170904 09:42:30.889,1.19137,1.19141
EUR/USD,20170904 09:47:31.103,1.19141,1.19144
EUR/USD,20170904 09:52:32.751,1.1915200000000001,1.19157
EUR/USD,20170904 09:57:33.335,1.19146,1.19149
EUR/USD,20170904 10:02:34.347,1.19166,1.1917
EUR/USD,20170904 10:07:36.502,1.19096,1.1910100000000001
EUR/USD,20170904 10:12:36.989,1.19068,1.19071
EUR/USD,20170904 10:17:37.334,1.19026,1.19028
EUR/USD,20170904 10:22:37.877,1.19038,1.1904299999999999
EUR/USD,20170904 10:27:41.215,1.1904299999999999,1.19048
EUR/USD,20170904 10:32:46.396,1.19028,1.1903299999999999
EUR/USD,20170904 10:37:46.437,1.19058,1.19062
EUR/USD,20170904 10:42:46.873,1.19055,1.19059
EUR/USD,20170904 10:47:47.289,1.1908299999999998,1.19086
EUR/USD,20170904 10:52:50.144,1.1910399999999999,1.19108
EUR/USD,20170904 10:57:51.043,1.19095,1.19097
EUR/USD,20170904 11:02:52.245,1.19078,1.19082
EUR/USD,20170904 11:07:56.048,1.1906700000000001,1.19071
EUR/USD,20170904 11:12:56.447,1.19036,1.19041
EUR/USD,20170904 11:17:59.215,1.19038,1.19042
EUR/USD,20170904 11:22:59.947,1.19062,1.19066
EUR/USD,20170904 11:28:03.248,1.19074,1.19077
EUR/USD,20170904 11:33:04.621,1.19075,1.1908
EUR/USD,20170904 11:38:04.972,1.19075,1.1908100000000001
EUR/USD,20170904 11:43:07.250,1.1910399999999999,1.19107
EUR/USD,20170904 11:48:07.274,1.19126,1.19129
EUR/USD,20170904 11:53:07.656,1.1913200000000002,1.19137
EUR/USD,20170904 11:58:11.877,1.19109,1.1911200000000002
EUR/USD,20170904 12:03:17.617,1.19078,1.19082
EUR/USD,20170904 12:08:17.849,1.19107,1.1911
EUR/USD,20170904 12:13:24.564,1.1908299999999998,1.19088
EUR/USD,20170904 12:18:26.467,1.19,1.19004
EUR/USD,20170904 12:23:26.933,1.1899,1.18993
EUR/USD,20170904 12:28:29.106,1.18946,1.18949
EUR/USD,20170904 12:33:32.718,1.1896799999999998,1.18973
EUR/USD,20170904 12:38:39.203,1.18977,1.18983
EUR/USD,20170904 12:43:39.530,1.18947,1.1895
EUR/USD,20170904 12:48:41.116,1.18941,1.18944
EUR/USD,20170904 12:53:46.487,1.18973,1.18977
EUR/USD,20170904 12:58:53.065,1.18959,1.1896200000000001
EUR/USD,20170904 13:03:55.746,1.1897799999999998,1.18981
EUR/USD,20170904 13:08:55.974,1.19004,1.1900899999999999
EUR/USD,20170904 13:13:59.200,1.19049,1.19051
EUR/USD,20170904 13:18:59.374,1.1904299999999999,1.19045
EUR/USD,20170904 13:24:00.161,1.19029,1.1903299999999999
EUR/USD,20170904 13:29:00.704,1.19026,1.19029
EUR/USD,20170904 13:34:01.526,1.1902700000000002,1.19031
EUR/USD,20170904 13:39:03.385,1.1901700000000002,1.1901899999999999
EUR/USD,20170904 13:44:04.216,1.19029,1.19029
EUR/USD,20170904 13:49:09.835,1.19036,1.19039
EUR/USD,20170904 13:54:10.002,1.1902700000000002,1.19031
EUR/USD,20170904 13:59:10.039,1.1903,1.1903299999999999
EUR/USD,20170904 14:04:10.117,1.19052,1.19056
EUR/USD,20170904 14:09:10.313,1.1904299999999999,1.19046
EUR/USD,20170904 14:14:11.995,1.19014,1.1901700000000002
EUR/USD,20170904 14:19:13.601,1.18973,1.18979
EUR/USD,20170904 14:24:15.447,1.18982,1.1898600000000001
EUR/USD,20170904 14:29:18.109,1.19015,1.19018
EUR/USD,20170904 14:34:18.829,1.1906,1.19062
EUR/USD,20170904 14:39:20.114,1.19089,1.1909
EUR/USD,20170904 14:44:22.258,1.19077,1.19082
EUR/USD,20170904 14:49:22.317,1.1909100000000001,1.1909299999999998
EUR/USD,20170904 14:54:23.480,1.1906,1.1906
EUR/USD,20170904 14:59:23.764,1.19108,1.1911100000000001
EUR/USD,20170904 15:04:24.027,1.19098,1.1910100000000001
EUR/USD,20170904 15:09:25.617,1.1912,1.19123
EUR/USD,20170904 15:14:25.748,1.19146,1.19149
EUR/USD,20170904 15:19:31.829,1.19129,1.19134
EUR/USD,20170904 15:24:33.119,1.19129,1.19133
EUR/USD,20170904 15:29:34.159,1.19155,1.1915799999999999
EUR/USD,20170904 15:34:34.357,1.19156,1.1915799999999999
EUR/USD,20170904 15:39:34.594,1.1914799999999999,1.19151
EUR/USD,20170904 15:44:36.085,1.19157,1.19159
EUR/USD,20170904 15:49:37.812,1.19157,1.1915799999999999
EUR/USD,20170904 15:54:38.184,1.19176,1.1918
EUR/USD,20170904 15:59:40.675,1.19174,1.19177
EUR/USD,20170904 16:04:43.264,1.19164,1.1916799999999999
EUR/USD,20170904 16:09:47.596,1.19174,1.19177
EUR/USD,20170904 16:14:54.209,1.19189,1.19194
EUR/USD,20170904 16:19:54.417,1.19193,1.1919899999999999
EUR/USD,20170904 16:24:54.522,1.1914799999999999,1.19153
EUR/USD,20170904 16:29:54.531,1.19153,1.19157
EUR/USD,20170904 16:34:56.245,1.19144,1.19146
EUR/USD,20170904 16:39:58.823,1.19164,1.19169
EUR/USD,20170904 16:44:59.327,1.1913,1.19135
EUR/USD,20170904 16:49:59.356,1.19076,1.19077
EUR/USD,20170904 16:54:59.700,1.19042,1.19046
EUR/USD,20170904 16:59:59.747,1.18892,1.18898
EUR/USD,20170904 17:05:02.383,1.19001,1.19011
EUR/USD,20170904 17:10:05.689,1.18994,1.19003
EUR/USD,20170904 17:15:05.726,1.19011,1.19022
EUR/USD,20170904 17:20:05.779,1.1898,1.1901899999999999
EUR/USD,20170904 17:25:09.913,1.19012,1.19021
EUR/USD,20170904 17:30:13.132,1.1899899999999999,1.19008
EUR/USD,20170904 17:35:13.270,1.19011,1.19018
EUR/USD,20170904 17:40:13.359,1.18993,1.19001
EUR/USD,20170904 17:45:13.837,1.1901899999999999,1.19024
EUR/USD,20170904 17:50:15.878,1.1901899999999999,1.19025
EUR/USD,20170904 17:55:15.921,1.19003,1.19018
EUR/USD,20170904 18:00:19.702,1.19002,1.1901700000000002
EUR/USD,20170904 18:05:21.050,1.1900600000000001,1.19016
EUR/USD,20170904 18:10:24.557,1.18971,1.18998
EUR/USD,20170904 18:15:24.635,1.18969,1.1899600000000001
EUR/USD,20170904 18:20:24.668,1.1894799999999999,1.18973
EUR/USD,20170904 18:25:32.196,1.1896200000000001,1.1897799999999998
EUR/USD,20170904 18:30:33.901,1.18939,1.18964
EUR/USD,20170904 18:35:34.009,1.1893799999999999,1.18957
EUR/USD,20170904 18:40:37.894,1.18991,1.19005
EUR/USD,20170904 18:45:40.575,1.18991,1.19015
EUR/USD,20170904 18:50:42.314,1.18992,1.19015
EUR/USD,20170904 18:55:42.525,1.18989,1.19005
EUR/USD,20170904 19:00:42.882,1.19005,1.19022
EUR/USD,20170904 19:05:51.746,1.19003,1.19024
EUR/USD,20170904 19:10:52.329,1.19008,1.19026
EUR/USD,20170904 19:15:59.460,1.18995,1.19015
EUR/USD,20170904 19:20:59.836,1.19,1.19011
EUR/USD,20170904 19:26:00.830,1.19001,1.1900899999999999
EUR/USD,20170904 19:31:02.880,1.18982,1.18987
EUR/USD,20170904 19:36:10.249,1.18975,1.1899
EUR/USD,20170904 19:41:10.318,1.18961,1.18987
EUR/USD,20170904 19:46:10.397,1.1896,1.1899
EUR/USD,20170904 19:51:10.493,1.18972,1.18975
EUR/USD,20170904 19:56:10.619,1.18959,1.18987
EUR/USD,20170904 20:01:10.631,1.18974,1.1899
EUR/USD,20170904 20:06:13.030,1.1898,1.18997
EUR/USD,20170904 20:11:13.096,1.18961,1.19
EUR/USD,20170904 20:16:14.863,1.18919,1.18954
EUR/USD,20170904 20:21:14.896,1.18885,1.1904
EUR/USD,20170904 20:26:14.963,1.18886,1.1904
EUR/USD,20170904 20:31:16.196,1.1890399999999999,1.1899600000000001
EUR/USD,20170904 20:36:16.553,1.18933,1.18977
EUR/USD,20170904 20:41:16.765,1.18947,1.18995
EUR/USD,20170904 20:46:17.399,1.18927,1.1898
EUR/USD,20170904 20:51:18.487,1.18898,1.19045
EUR/USD,20170904 20:56:18.598,1.18923,1.19001
EUR/USD,20170904 21:02:22.182,1.18903,1.19016
EUR/USD,20170904 21:07:22.753,1.18908,1.19012
EUR/USD,20170904 21:15:07.189,1.1892,1.18997
EUR/USD,20170904 21:20:07.365,1.18923,1.18997
EUR/USD,20170904 21:25:12.212,1.18923,1.1900700000000002
EUR/USD,20170904 21:30:13.717,1.1893200000000002,1.19015
EUR/USD,20170904 21:35:13.784,1.18937,1.19
EUR/USD,20170904 21:40:19.573,1.1894200000000001,1.1902
EUR/USD,20170904 21:45:21.547,1.18935,1.19011
EUR/USD,20170904 21:50:22.084,1.18946,1.19003
EUR/USD,20170904 21:55:25.856,1.18954,1.19005
EUR/USD,20170904 22:00:27.747,1.18971,1.18982
EUR/USD,20170904 22:05:28.031,1.18977,1.18984
EUR/USD,20170904 22:10:29.754,1.1897799999999998,1.18984
EUR/USD,20170904 22:15:31.447,1.1896200000000001,1.18972
EUR/USD,20170904 22:20:31.912,1.18966,1.18974
EUR/USD,20170904 22:25:31.919,1.1896799999999998,1.18975
EUR/USD,20170904 22:30:36.056,1.18966,1.18974
EUR/USD,20170904 22:35:48.196,1.18977,1.18985
EUR/USD,20170904 22:40:51.892,1.1897799999999998,1.18987
EUR/USD,20170904 22:45:52.666,1.18974,1.18982
EUR/USD,20170904 22:50:53.124,1.18983,1.18991
EUR/USD,20170904 22:56:00.365,1.18976,1.1898600000000001
EUR/USD,20170904 23:01:02.795,1.18971,1.1897799999999998
EUR/USD,20170904 23:06:02.807,1.18969,1.18975
EUR/USD,20170904 23:11:07.531,1.18973,1.18977
EUR/USD,20170904 23:16:13.616,1.1896200000000001,1.1896799999999998
EUR/USD,20170904 23:21:15.446,1.18949,1.18953
EUR/USD,20170904 23:26:21.151,1.18947,1.18953
EUR/USD,20170904 23:31:22.863,1.18946,1.18951
EUR/USD,20170904 23:36:26.581,1.18955,1.1895799999999999
EUR/USD,20170904 23:41:27.215,1.18937,1.18941
EUR/USD,20170904 23:46:31.701,1.1892399999999999,1.18929
EUR/USD,20170904 23:51:31.894,1.1892,1.18923
EUR/USD,20170904 23:56:37.228,1.18913,1.18919
EUR/USD,20170905 00:01:40.741,1.1894799999999999,1.1895200000000001
EUR/USD,20170905 00:06:41.363,1.18937,1.18941
EUR/USD,20170905 00:11:46.378,1.1895200000000001,1.18955
EUR/USD,20170905 00:16:49.094,1.1894,1.18943
EUR/USD,20170905 00:21:52.298,1.1895,1.18955
EUR/USD,20170905 00:26:52.809,1.18933,1.18936
EUR/USD,20170905 00:32:00.720,1.1892200000000002,1.18931
EUR/USD,20170905 00:37:00.752,1.1894,1.18943
EUR/USD,20170905 00:42:01.503,1.18944,1.18949
EUR/USD,20170905 00:47:02.950,1.1894799999999999,1.18951
EUR/USD,20170905 00:52:06.594,1.18934,1.18939
EUR/USD,20170905 00:57:10.087,1.18969,1.18975
EUR/USD,20170905 01:02:10.932,1.19004,1.19008
EUR/USD,20170905 01:07:11.391,1.1902,1.19023
EUR/USD,20170905 01:12:13.230,1.19011,1.19014
EUR/USD,20170905 01:17:15.775,1.19,1.19003
EUR/USD,20170905 01:22:18.847,1.18985,1.18987
EUR/USD,20170905 01:27:20.418,1.1896200000000001,1.18965
EUR/USD,20170905 01:32:20.652,1.18945,1.18949
EUR/USD,20170905 01:37:22.629,1.18981,1.18982
EUR/USD,20170905 01:42:25.315,1.1898600000000001,1.1898799999999998
EUR/USD,20170905 01:47:28.661,1.19012,1.19014
EUR/USD,20170905 01:52:31.207,1.19016,1.19021
EUR/USD,20170905 01:57:31.841,1.18989,1.18991
EUR/USD,20170905 02:02:33.019,1.18991,1.18993
EUR/USD,20170905 02:07:40.230,1.19018,1.1902
EUR/USD,20170905 02:12:40.882,1.19008,1.19011
EUR/USD,20170905 02:17:41.891,1.18991,1.18995
EUR/USD,20170905 02:22:42.885,1.1900899999999999,1.19013
EUR/USD,20170905 02:27:45.415,1.18995,1.19
EUR/USD,20170905 02:32:45.885,1.18989,1.18993
EUR/USD,20170905 02:37:47.310,1.1903,1.19034
EUR/USD,20170905 02:42:47.327,1.1903,1.19031
EUR/USD,20170905 02:47:48.774,1.19061,1.19064
EUR/USD,20170905 02:52:51.344,1.19066,1.19069
EUR/USD,20170905 02:57:56.085,1.1907,1.1907299999999998
EUR/USD,20170905 03:03:07.051,1.1905700000000001,1.19061
EUR/USD,20170905 03:08:09.189,1.1907,1.19072
EUR/USD,20170905 03:13:11.087,1.19055,1.19059
EUR/USD,20170905 03:18:11.129,1.1905700000000001,1.1906
EUR/USD,20170905 03:23:11.393,1.19054,1.19058
EUR/USD,20170905 03:28:11.429,1.19078,1.1908
EUR/USD,20170905 03:33:12.208,1.19069,1.19072
EUR/USD,20170905 03:38:12.343,1.19086,1.1909
EUR/USD,20170905 03:43:13.155,1.1909,1.1909399999999999
EUR/USD,20170905 03:48:16.343,1.19082,1.19085
EUR/USD,20170905 03:53:17.146,1.19068,1.19072
EUR/USD,20170905 03:58:25.434,1.19058,1.19062
EUR/USD,20170905 04:03:28.141,1.1905700000000001,1.1906299999999999
EUR/USD,20170905 04:08:29.969,1.1906299999999999,1.19066
EUR/USD,20170905 04:13:31.230,1.1905,1.19055
EUR/USD,20170905 04:18:32.200,1.1905700000000001,1.1906299999999999
EUR/USD,20170905 04:23:34.036,1.19078,1.1908299999999998
EUR/USD,20170905 04:28:34.349,1.19065,1.1907
EUR/USD,20170905 04:33:35.286,1.19092,1.1909399999999999
EUR/USD,20170905 04:38:36.005,1.19087,1.19089
EUR/USD,20170905 04:43:36.192,1.19102,1.19105
EUR/USD,20170905 04:48:36.489,1.1909100000000001,1.1909399999999999
EUR/USD,20170905 04:53:36.829,1.1908,1.19084
EUR/USD,20170905 04:58:39.060,1.19059,1.19062
EUR/USD,20170905 05:03:40.783,1.19054,1.19058
EUR/USD,20170905 05:08:40.944,1.19074,1.19076
EUR/USD,20170905 05:13:41.667,1.1907,1.19072
EUR/USD,20170905 05:18:42.078,1.1904,1.1904299999999999
EUR/USD,20170905 05:23:42.147,1.19024,1.19029
EUR/USD,20170905 05:28:43.727,1.1904,1.19044
EUR/USD,20170905 05:33:49.270,1.19038,1.19042
EUR/USD,20170905 05:38:49.481,1.1904700000000001,1.19051
EUR/USD,20170905 05:43:51.100,1.1905,1.19051
EUR/USD,20170905 05:48:51.917,1.1908100000000001,1.19084
EUR/USD,20170905 05:53:52.533,1.19072,1.19075
EUR/USD,20170905 05:58:53.552,1.1905299999999999,1.19056
EUR/USD,20170905 06:03:58.538,1.19049,1.1905299999999999
EUR/USD,20170905 06:08:58.876,1.18998,1.19002
EUR/USD,20170905 06:13:59.734,1.18959,1.1896200000000001
EUR/USD,20170905 06:18:59.890,1.18937,1.18939
EUR/USD,20170905 06:24:00.224,1.18985,1.18989
EUR/USD,20170905 06:29:05.458,1.18976,1.1898
EUR/USD,20170905 06:34:09.547,1.1899,1.18995
EUR/USD,20170905 06:39:10.285,1.18961,1.18965
EUR/USD,20170905 06:44:10.989,1.19021,1.19022
EUR/USD,20170905 06:49:13.098,1.1905299999999999,1.19058
EUR/USD,20170905 06:54:13.424,1.19065,1.19069
EUR/USD,20170905 06:59:13.929,1.1902700000000002,1.19032
EUR/USD,20170905 07:04:16.202,1.19056,1.19059
EUR/USD,20170905 07:09:16.356,1.1899600000000001,1.18998
EUR/USD,20170905 07:14:16.759,1.19058,1.1906
EUR/USD,20170905 07:19:17.025,1.19044,1.19048
EUR/USD,20170905 07:24:18.660,1.19015,1.1901700000000002
EUR/USD,20170905 07:29:19.697,1.18956,1.1896
EUR/USD,20170905 07:34:20.667,1.18956,1.18959
EUR/USD,20170905 07:39:21.327,1.18795,1.18797
EUR/USD,20170905 07:44:21.501,1.1878600000000001,1.1878799999999998
EUR/USD,20170905 07:49:21.772,1.18757,1.18759
EUR/USD,20170905 07:54:22.210,1.1875,1.18754
EUR/USD,20170905 07:59:22.678,1.18789,1.18794
EUR/USD,20170905 08:04:24.732,1.1879,1.18795
EUR/USD,20170905 08:09:25.217,1.1878799999999998,1.18792
EUR/USD,20170905 08:14:26.282,1.18805,1.1880899999999999
EUR/USD,20170905 08:19:26.808,1.18772,1.18775
EUR/USD,20170905 08:24:27.780,1.18769,1.18771
EUR/USD,20170905 08:29:28.334,1.18814,1.1881899999999999
EUR/USD,20170905 08:34:28.436,1.18805,1.18808
EUR/USD,20170905 08:39:28.667,1.18813,1.18818
EUR/USD,20170905 08:44:28.698,1.18818,1.1881899999999999
EUR/USD,20170905 08:49:29.010,1.18852,1.18855
EUR/USD,20170905 08:54:29.588,1.1880700000000002,1.18811
EUR/USD,20170905 08:59:30.011,1.1884700000000001,1.1884700000000001
EUR/USD,20170905 09:04:32.454,1.18824,1.18826
EUR/USD,20170905 09:09:32.629,1.1882,1.18824
EUR/USD,20170905 09:14:33.348,1.1881899999999999,1.18824
EUR/USD,20170905 09:19:33.843,1.1881899999999999,1.18821
EUR/USD,20170905 09:24:34.008,1.18816,1.18818
EUR/USD,20170905 09:29:34.278,1.1880899999999999,1.1881
EUR/USD,20170905 09:34:37.002,1.188,1.18804
EUR/USD,20170905 09:39:37.325,1.18794,1.18798
EUR/USD,20170905 09:44:37.626,1.1879899999999999,1.18802
EUR/USD,20170905 09:49:41.296,1.18773,1.18776
EUR/USD,20170905 09:54:45.620,1.18798,1.18801
EUR/USD,20170905 09:59:49.706,1.18822,1.18826
EUR/USD,20170905 10:04:51.252,1.1882,1.18822
EUR/USD,20170905 10:09:55.443,1.18861,1.1886299999999999
EUR/USD,20170905 10:14:55.563,1.1884,1.18844
EUR/USD,20170905 10:19:56.147,1.18862,1.18864
EUR/USD,20170905 10:24:56.314,1.19,1.19004
EUR/USD,20170905 10:29:56.521,1.19003,1.19008
EUR/USD,20170905 10:34:56.980,1.19021,1.19024
EUR/USD,20170905 10:39:58.202,1.19045,1.19048
EUR/USD,20170905 10:45:00.481,1.1903700000000002,1.19041
EUR/USD,20170905 10:50:00.951,1.19,1.19002
EUR/USD,20170905 10:55:01.834,1.1900899999999999,1.19012
EUR/USD,20170905 11:00:01.976,1.18975,1.18977
EUR/USD,20170905 11:05:05.009,1.18947,1.1895200000000001
EUR/USD,20170905 11:10:05.296,1.18919,1.1892200000000002
EUR/USD,20170905 11:15:08.342,1.18902,1.1890399999999999
EUR/USD,20170905 11:20:08.972,1.1882,1.18821
EUR/USD,20170905 11:25:09.631,1.18829,1.18831
EUR/USD,20170905 11:30:09.943,1.1885,1.1885299999999999
EUR/USD,20170905 11:35:12.159,1.18864,1.1886700000000001
EUR/USD,20170905 11:40:12.589,1.18869,1.1887299999999998
EUR/USD,20170905 11:45:13.212,1.18859,1.1886299999999999
EUR/USD,20170905 11:50:13.521,1.18896,1.189
EUR/USD,20170905 11:55:18.005,1.18896,1.18899
EUR/USD,20170905 12:00:18.496,1.18925,1.18929
EUR/USD,20170905 12:05:18.560,1.18941,1.18943
EUR/USD,20170905 12:10:19.490,1.18936,1.1893799999999999
EUR/USD,20170905 12:15:21.358,1.18905,1.18907
EUR/USD,20170905 12:20:21.541,1.18921,1.1892200000000002
EUR/USD,20170905 12:25:22.041,1.18969,1.18973
EUR/USD,20170905 12:30:22.055,1.19005,1.19008
EUR/USD,20170905 12:35:22.120,1.19028,1.19031
EUR/USD,20170905 12:40:22.838,1.19018,1.19021
EUR/USD,20170905 12:45:22.965,1.19028,1.19029
EUR/USD,20170905 12:50:24.874,1.19024,1.1902700000000002
EUR/USD,20170905 12:55:24.900,1.1896799999999998,1.18971
EUR/USD,20170905 13:00:25.782,1.18993,1.18997
EUR/USD,20170905 13:05:26.988,1.18982,1.18982
EUR/USD,20170905 13:10:28.480,1.18957,1.18961
EUR/USD,20170905 13:15:29.603,1.1893200000000002,1.18935
EUR/USD,20170905 13:20:29.804,1.18945,1.1894799999999999
EUR/USD,20170905 13:25:29.944,1.1894,1.18941
EUR/USD,20170905 13:30:31.287,1.1891,1.18913
EUR/USD,20170905 13:35:35.249,1.18923,1.18926
EUR/USD,20170905 13:40:35.745,1.18977,1.18979
EUR/USD,20170905 13:45:35.979,1.18964,1.18965
EUR/USD,20170905 13:50:38.436,1.18946,1.18949
EUR/USD,20170905 13:55:38.468,1.18919,1.18923
EUR/USD,20170905 14:00:38.499,1.1897,1.18971
EUR/USD,20170905 14:05:38.659,1.19036,1.1903700000000002
EUR/USD,20170905 14:10:39.078,1.19071,1.19075
EUR/USD,20170905 14:15:39.211,1.19077,1.1908100000000001
EUR/USD,20170905 14:20:40.437,1.19048,1.19051
EUR/USD,20170905 14:25:40.851,1.19042,1.19046
EUR/USD,20170905 14:30:41.022,1.1911399999999999,1.19116
EUR/USD,20170905 14:35:41.097,1.1928,1.1928299999999998
EUR/USD,20170905 14:40:41.142,1.19276,1.19278
EUR/USD,20170905 14:45:41.432,1.1934200000000001,1.19343
EUR/USD,20170905 14:50:41.620,1.19351,1.19354
EUR/USD,20170905 14:55:42.108,1.19285,1.19288
EUR/USD,20170905 15:00:42.111,1.19195,1.1919899999999999
EUR/USD,20170905 15:05:42.199,1.1916,1.19163
EUR/USD,20170905 15:10:42.485,1.19076,1.19078
EUR/USD,20170905 15:15:42.976,1.19126,1.19129
EUR/USD,20170905 15:20:43.033,1.19136,1.1913799999999999
EUR/USD,20170905 15:25:44.213,1.19118,1.1912200000000002
EUR/USD,20170905 15:30:45.179,1.19169,1.1917200000000001
EUR/USD,20170905 15:35:45.298,1.19164,1.19167
EUR/USD,20170905 15:40:45.302,1.19086,1.1909
EUR/USD,20170905 15:45:45.309,1.19127,1.19131
EUR/USD,20170905 15:50:46.396,1.19108,1.1911200000000002
EUR/USD,20170905 15:55:47.255,1.19131,1.19135
EUR/USD,20170905 16:00:48.953,1.19121,1.1912399999999999
EUR/USD,20170905 16:05:49.957,1.19136,1.1914
EUR/USD,20170905 16:10:50.024,1.1915200000000001,1.19155
EUR/USD,20170905 16:15:50.659,1.19174,1.19177
EUR/USD,20170905 16:20:50.808,1.19224,1.19228
EUR/USD,20170905 16:25:57.926,1.1917200000000001,1.19176
EUR/USD,20170905 16:31:00.773,1.1919799999999998,1.19201
EUR/USD,20170905 16:36:00.847,1.1919600000000001,1.1919799999999998
EUR/USD,20170905 16:41:01.415,1.1919,1.19193
EUR/USD,20170905 16:46:04.146,1.19165,1.1916799999999999
EUR/USD,20170905 16:51:04.263,1.19095,1.19099
EUR/USD,20170905 16:56:05.606,1.1906299999999999,1.19069
EUR/USD,20170905 17:01:05.682,1.1908100000000001,1.19085
EUR/USD,20170905 17:06:06.962,1.19141,1.19144
EUR/USD,20170905 17:11:08.077,1.19117,1.1912
EUR/USD,20170905 17:16:08.553,1.19044,1.1904700000000001
EUR/USD,20170905 17:21:10.025,1.19031,1.19034
EUR/USD,20170905 17:26:10.033,1.1904299999999999,1.1904700000000001
EUR/USD,20170905 17:31:13.860,1.1905700000000001,1.19061
EUR/USD,20170905 17:36:14.523,1.19054,1.19058
EUR/USD,20170905 17:41:15.315,1.1900600000000001,1.1901
EUR/USD,20170905 17:46:20.145,1.18972,1.18976
EUR/USD,20170905 17:51:20.827,1.18995,1.18998
EUR/USD,20170905 17:56:22.905,1.1898799999999998,1.18991
EUR/USD,20170905 18:01:25.116,1.18969,1.18972
EUR/USD,20170905 18:06:25.168,1.19018,1.1901899999999999
EUR/USD,20170905 18:11:25.301,1.19054,1.1905700000000001
EUR/USD,20170905 18:16:26.958,1.1904299999999999,1.19046
EUR/USD,20170905 18:21:33.019,1.19035,1.1903700000000002
EUR/USD,20170905 18:26:33.076,1.1908299999999998,1.19087
EUR/USD,20170905 18:31:33.156,1.19084,1.19086
EUR/USD,20170905 18:36:34.717,1.19119,1.1912200000000002
EUR/USD,20170905 18:41:35.029,1.19139,1.1914
EUR/USD,20170905 18:46:35.769,1.19176,1.1918
EUR/USD,20170905 18:51:43.212,1.1917,1.19173
EUR/USD,20170905 18:56:43.497,1.19173,1.19176
EUR/USD,20170905 19:01:46.037,1.1918600000000001,1.19189
EUR/USD,20170905 19:06:53.182,1.19194,1.1919799999999998
EUR/USD,20170905 19:11:58.243,1.19192,1.19197
EUR/USD,20170905 19:16:58.497,1.19204,1.19207
EUR/USD,20170905 19:21:58.685,1.1921700000000002,1.19221
EUR/USD,20170905 19:26:59.602,1.1919,1.19191
EUR/USD,20170905 19:32:03.427,1.19194,1.19197
EUR/USD,20170905 19:37:03.499,1.19261,1.1926700000000001
EUR/USD,20170905 19:42:05.171,1.1927299999999998,1.19276
EUR/USD,20170905 19:47:05.488,1.19231,1.19234
EUR/USD,20170905 19:52:06.625,1.19215,1.19218
EUR/USD,20170905 19:57:06.635,1.19194,1.19197
EUR/USD,20170905 20:02:08.811,1.19182,1.1918600000000001
EUR/USD,20170905 20:07:10.150,1.19154,1.19154
EUR/USD,20170905 20:12:14.239,1.19144,1.1914799999999999
EUR/USD,20170905 20:17:15.348,1.1911,1.1911399999999999
EUR/USD,20170905 20:22:24.227,1.19169,1.1917200000000001
EUR/USD,20170905 20:27:24.281,1.19164,1.19166
EUR/USD,20170905 20:32:24.394,1.19156,1.1916
EUR/USD,20170905 20:37:26.261,1.19147,1.19153
EUR/USD,20170905 20:42:26.676,1.1915200000000001,1.19156
EUR/USD,20170905 20:47:28.989,1.19169,1.19175
EUR/USD,20170905 20:52:30.298,1.1914200000000001,1.19146
EUR/USD,20170905 20:57:32.427,1.1911399999999999,1.19119
EUR/USD,20170905 21:02:51.738,1.1908,1.19197
EUR/USD,20170905 21:07:51.759,1.19103,1.1911100000000001
EUR/USD,20170905 21:12:53.359,1.19102,1.1911
EUR/USD,20170905 21:17:54.370,1.1913200000000002,1.1915200000000001
EUR/USD,20170905 21:22:58.007,1.19131,1.19143
EUR/USD,20170905 21:27:58.034,1.19129,1.19146
EUR/USD,20170905 21:32:58.575,1.19108,1.19123
EUR/USD,20170905 21:37:58.633,1.19113,1.19128
EUR/USD,20170905 21:42:58.662,1.1911399999999999,1.19135
EUR/USD,20170905 21:47:58.841,1.19135,1.19146
EUR/USD,20170905 21:52:58.895,1.19136,1.1914200000000001
EUR/USD,20170905 21:57:59.365,1.19131,1.19147
EUR/USD,20170905 22:02:59.397,1.19167,1.19174
EUR/USD,20170905 22:08:01.752,1.1916200000000001,1.19167
EUR/USD,20170905 22:13:03.732,1.1915200000000001,1.19161
EUR/USD,20170905 22:18:10.231,1.19164,1.19173
EUR/USD,20170905 22:23:16.412,1.19182,1.19192
EUR/USD,20170905 22:28:16.516,1.19189,1.19194
EUR/USD,20170905 22:33:16.615,1.19214,1.1922
EUR/USD,20170905 22:38:20.247,1.19216,1.19222
EUR/USD,20170905 22:43:20.627,1.19205,1.1921
EUR/USD,20170905 22:48:23.600,1.1920899999999999,1.19215
EUR/USD,20170905 22:53:29.058,1.19223,1.1922700000000002
EUR/USD,20170905 22:58:34.791,1.1920600000000001,1.19213
EUR/USD,20170905 23:03:35.659,1.19207,1.19213
EUR/USD,20170905 23:08:38.984,1.19201,1.1920600000000001
EUR/USD,20170905 23:13:51.667,1.19191,1.19195
EUR/USD,20170905 23:18:56.716,1.192,1.19204
EUR/USD,20170905 23:23:57.834,1.19195,1.192
EUR/USD,20170905 23:28:57.922,1.1922,1.19223
EUR/USD,20170905 23:33:58.275,1.19235,1.1924
EUR/USD,20170905 23:39:02.989,1.1921899999999999,1.19223
EUR/USD,20170905 23:44:10.846,1.19221,1.19226
EUR/USD,20170905 23:49:23.730,1.19233,1.1924
EUR/USD,20170905 23:54:24.297,1.19235,1.19241
EUR/USD,20170905 23:59:24.916,1.19238,1.19242
EUR/USD,20170906 00:04:26.253,1.19231,1.19235
EUR/USD,20170906 00:09:29.269,1.19218,1.19225
EUR/USD,20170906 00:14:32.740,1.19238,1.1924299999999999
EUR/USD,20170906 00:19:32.819,1.19233,1.1923700000000002
EUR/USD,20170906 00:24:33.035,1.1920899999999999,1.19213
EUR/USD,20170906 00:29:33.316,1.19195,1.1919799999999998
EUR/USD,20170906 00:34:34.163,1.19169,1.1917200000000001
EUR/USD,20170906 00:39:36.842,1.19176,1.1917799999999998
EUR/USD,20170906 00:44:39.921,1.19185,1.1919
EUR/USD,20170906 00:49:41.565,1.19205,1.1920899999999999
EUR/USD,20170906 00:54:42.150,1.1922,1.19225
EUR/USD,20170906 00:59:42.557,1.19215,1.1921899999999999
EUR/USD,20170906 01:04:43.750,1.19213,1.19218
EUR/USD,20170906 01:09:45.743,1.19231,1.19235
EUR/USD,20170906 01:14:49.562,1.19207,1.19211
EUR/USD,20170906 01:19:51.117,1.19215,1.1922
EUR/USD,20170906 01:24:51.718,1.19202,1.1920600000000001
EUR/USD,20170906 01:29:51.883,1.1919799999999998,1.19202
EUR/USD,20170906 01:34:51.903,1.19197,1.19201
EUR/USD,20170906 01:39:53.310,1.19117,1.19119
EUR/USD,20170906 01:44:53.781,1.19088,1.1909299999999998
EUR/USD,20170906 01:49:55.766,1.19054,1.19058
EUR/USD,20170906 01:54:58.609,1.19062,1.19064
EUR/USD,20170906 01:59:58.830,1.1908299999999998,1.19087
EUR/USD,20170906 02:05:00.156,1.19079,1.1908299999999998
EUR/USD,20170906 02:10:00.271,1.19089,1.1909399999999999
EUR/USD,20170906 02:15:01.001,1.1911200000000002,1.19116
EUR/USD,20170906 02:20:01.005,1.19116,1.1912
EUR/USD,20170906 02:25:03.463,1.1913,1.19135
EUR/USD,20170906 02:30:04.991,1.1911,1.1911399999999999
EUR/USD,20170906 02:35:05.566,1.19102,1.19105
EUR/USD,20170906 02:40:07.850,1.1912200000000002,1.1912399999999999
EUR/USD,20170906 02:45:08.432,1.19128,1.19131
EUR/USD,20170906 02:50:08.782,1.19136,1.1913799999999999
EUR/USD,20170906 02:55:09.424,1.19128,1.1913200000000002
EUR/USD,20170906 03:00:10.210,1.1912,1.19123
EUR/USD,20170906 03:05:10.369,1.19113,1.19116
EUR/USD,20170906 03:10:21.045,1.19143,1.1915
EUR/USD,20170906 03:15:24.385,1.19131,1.19135
EUR/USD,20170906 03:20:29.754,1.1914,1.19145
EUR/USD,20170906 03:25:29.915,1.19136,1.1913799999999999
EUR/USD,20170906 03:30:29.987,1.19144,1.1914799999999999
EUR/USD,20170906 03:35:34.190,1.19127,1.19131
EUR/USD,20170906 03:40:35.328,1.19116,1.19121
EUR/USD,20170906 03:45:36.559,1.19109,1.1911200000000002
EUR/USD,20170906 03:50:37.129,1.19105,1.19108
EUR/USD,20170906 03:55:45.890,1.19115,1.1912
EUR/USD,20170906 04:00:49.569,1.1910100000000001,1.19106
EUR/USD,20170906 04:05:49.796,1.1909100000000001,1.19095
EUR/USD,20170906 04:10:51.499,1.1909299999999998,1.19099
EUR/USD,20170906 04:15:59.296,1.1909399999999999,1.1909999999999998
EUR/USD,20170906 04:20:59.563,1.1909,1.1909399999999999
EUR/USD,20170906 04:26:00.737,1.1909100000000001,1.19096
EUR/USD,20170906 04:31:01.567,1.1908,1.19085
EUR/USD,20170906 04:36:01.599,1.19079,1.19084
EUR/USD,20170906 04:41:07.504,1.1907,1.19075
EUR/USD,20170906 04:46:07.952,1.1908299999999998,1.19086
EUR/USD,20170906 04:51:10.908,1.1911,1.1911200000000002
EUR/USD,20170906 04:56:12.013,1.19146,1.19151
EUR/USD,20170906 05:01:15.157,1.19145,1.19149
EUR/USD,20170906 05:06:16.149,1.19134,1.1913799999999999
EUR/USD,20170906 05:11:20.043,1.19144,1.19149
EUR/USD,20170906 05:16:25.068,1.19129,1.19134
EUR/USD,20170906 05:21:26.858,1.1914200000000001,1.19146
EUR/USD,20170906 05:26:26.995,1.19134,1.19137
EUR/USD,20170906 05:31:30.779,1.19105,1.19108
EUR/USD,20170906 05:36:30.837,1.19108,1.1911200000000002
EUR/USD,20170906 05:41:32.973,1.19125,1.19129
EUR/USD,20170906 05:46:33.013,1.19144,1.1914799999999999
EUR/USD,20170906 05:51:33.841,1.19176,1.19179
EUR/USD,20170906 05:56:34.329,1.19242,1.19246
EUR/USD,20170906 06:01:36.102,1.19244,1.19246
EUR/USD,20170906 06:06:37.120,1.19216,1.1921899999999999
EUR/USD,20170906 06:11:37.133,1.1917799999999998,1.1918
EUR/USD,20170906 06:16:37.151,1.19167,1.1917
EUR/USD,20170906 06:21:37.674,1.1921700000000002,1.1921899999999999
EUR/USD,20170906 06:26:40.116,1.19154,1.19159
EUR/USD,20170906 06:31:46.323,1.19214,1.19218
EUR/USD,20170906 06:36:47.725,1.19211,1.19213
EUR/USD,20170906 06:41:49.571,1.19183,1.19187
EUR/USD,20170906 06:46:49.850,1.1919799999999998,1.19202
EUR/USD,20170906 06:51:50.374,1.19212,1.19215
EUR/USD,20170906 06:56:51.419,1.1921,1.19215
EUR/USD,20170906 07:01:51.700,1.19232,1.1923700000000002
EUR/USD,20170906 07:06:51.748,1.1928299999999998,1.19287
EUR/USD,20170906 07:11:54.862,1.1929100000000001,1.19294
EUR/USD,20170906 07:16:55.015,1.19245,1.19248
EUR/USD,20170906 07:21:55.658,1.1921700000000002,1.1922
EUR/USD,20170906 07:26:57.629,1.19238,1.1924
EUR/USD,20170906 07:32:01.746,1.1925,1.19255
EUR/USD,20170906 07:37:02.443,1.1925700000000001,1.19259
EUR/USD,20170906 07:42:03.429,1.19258,1.19261
EUR/USD,20170906 07:47:04.030,1.19255,1.1925700000000001
EUR/USD,20170906 07:52:04.369,1.19245,1.1924700000000001
EUR/USD,20170906 07:57:04.424,1.19349,1.1935200000000001
EUR/USD,20170906 08:02:06.472,1.19366,1.1937
EUR/USD,20170906 08:07:08.012,1.1943,1.19434
EUR/USD,20170906 08:12:08.598,1.19423,1.19426
EUR/USD,20170906 08:17:08.723,1.194,1.19402
EUR/USD,20170906 08:22:10.213,1.1943,1.19432
EUR/USD,20170906 08:27:10.402,1.19469,1.19472
EUR/USD,20170906 08:32:10.667,1.19492,1.19496
EUR/USD,20170906 08:37:16.480,1.19425,1.1943
EUR/USD,20170906 08:42:17.122,1.1941,1.19411
EUR/USD,20170906 08:47:17.368,1.19394,1.1939799999999998
EUR/USD,20170906 08:52:21.724,1.19384,1.1938799999999998
EUR/USD,20170906 08:57:22.635,1.1943700000000002,1.1944
EUR/USD,20170906 09:02:23.262,1.1945299999999999,1.19456
EUR/USD,20170906 09:07:25.021,1.1943700000000002,1.19439
EUR/USD,20170906 09:12:26.417,1.19449,1.19452
EUR/USD,20170906 09:17:26.633,1.19412,1.19413
EUR/USD,20170906 09:22:29.990,1.1938799999999998,1.19391
EUR/USD,20170906 09:27:32.509,1.1937,1.19376
EUR/USD,20170906 09:32:34.002,1.19428,1.19431
EUR/USD,20170906 09:37:35.690,1.19416,1.1941899999999999
EUR/USD,20170906 09:42:36.127,1.19462,1.19464
EUR/USD,20170906 09:47:36.241,1.19385,1.1938799999999998
EUR/USD,20170906 09:52:37.478,1.19336,1.19339
EUR/USD,20170906 09:57:38.367,1.1936,1.19363
EUR/USD,20170906 10:02:38.396,1.19366,1.19369
EUR/USD,20170906 10:07:39.433,1.19373,1.19376
EUR/USD,20170906 10:12:43.711,1.19432,1.19434
EUR/USD,20170906 10:17:44.311,1.19468,1.19469
EUR/USD,20170906 10:22:46.371,1.19426,1.19428
EUR/USD,20170906 10:27:48.168,1.1941899999999999,1.19423
EUR/USD,20170906 10:32:49.260,1.19445,1.19449
EUR/USD,20170906 10:37:52.816,1.19379,1.19384
EUR/USD,20170906 10:42:58.635,1.19365,1.19369
EUR/USD,20170906 10:47:58.843,1.19305,1.19308
EUR/USD,20170906 10:52:59.208,1.19258,1.19258
EUR/USD,20170906 10:58:00.784,1.1926,1.19264
EUR/USD,20170906 11:03:01.104,1.19289,1.19292
EUR/USD,20170906 11:08:04.181,1.19266,1.19269
EUR/USD,20170906 11:13:05.782,1.19266,1.19268
EUR/USD,20170906 11:18:09.203,1.19288,1.1929299999999998
EUR/USD,20170906 11:23:10.136,1.19204,1.19208
EUR/USD,20170906 11:28:10.707,1.19225,1.19228
EUR/USD,20170906 11:33:11.082,1.19205,1.19207
EUR/USD,20170906 11:38:12.067,1.19214,1.19218
EUR/USD,20170906 11:43:12.145,1.19241,1.19244
EUR/USD,20170906 11:48:12.529,1.19264,1.19268
EUR/USD,20170906 11:53:12.532,1.19266,1.1927
EUR/USD,20170906 11:58:14.507,1.19269,1.19272
EUR/USD,20170906 12:03:14.539,1.19343,1.19345
EUR/USD,20170906 12:08:15.634,1.1935799999999999,1.1936200000000001
EUR/USD,20170906 12:13:17.560,1.19346,1.1935
EUR/USD,20170906 12:18:17.659,1.19343,1.19345
EUR/USD,20170906 12:23:18.211,1.19351,1.19355
EUR/USD,20170906 12:28:18.839,1.19328,1.19333
EUR/USD,20170906 12:33:19.242,1.19334,1.19337
EUR/USD,20170906 12:38:20.209,1.19361,1.19364
EUR/USD,20170906 12:43:22.951,1.19379,1.19381
EUR/USD,20170906 12:48:23.129,1.19374,1.19377
EUR/USD,20170906 12:53:27.395,1.19355,1.19359
EUR/USD,20170906 12:58:28.236,1.19327,1.19329
EUR/USD,20170906 13:03:28.484,1.19329,1.1933200000000002
EUR/USD,20170906 13:08:28.716,1.1928,1.19284
EUR/USD,20170906 13:13:37.328,1.19295,1.19299
EUR/USD,20170906 13:18:37.778,1.1926700000000001,1.19269
EUR/USD,20170906 13:23:38.223,1.19334,1.1933799999999999
EUR/USD,20170906 13:28:38.289,1.19327,1.19329
EUR/USD,20170906 13:33:38.538,1.19281,1.19285
EUR/USD,20170906 13:38:38.885,1.1929100000000001,1.19292
EUR/USD,20170906 13:43:43.074,1.193,1.19303
EUR/USD,20170906 13:48:43.689,1.19241,1.19242
EUR/USD,20170906 13:53:45.056,1.19224,1.19228
EUR/USD,20170906 13:58:45.798,1.19241,1.1924299999999999
EUR/USD,20170906 14:03:45.859,1.19275,1.19279
EUR/USD,20170906 14:08:45.868,1.1926299999999999,1.1926299999999999
EUR/USD,20170906 14:13:45.896,1.19232,1.19236
EUR/USD,20170906 14:18:45.932,1.19167,1.1917
EUR/USD,20170906 14:23:46.737,1.19161,1.19164
EUR/USD,20170906 14:28:47.185,1.19202,1.19203
EUR/USD,20170906 14:33:47.541,1.19195,1.19197
EUR/USD,20170906 14:38:47.873,1.1923,1.19233
EUR/USD,20170906 14:43:48.009,1.19248,1.19251
EUR/USD,20170906 14:48:48.042,1.19328,1.1933
EUR/USD,20170906 14:53:48.619,1.19344,1.19346
EUR/USD,20170906 14:58:49.204,1.19361,1.19365
EUR/USD,20170906 15:03:50.522,1.19365,1.19369
EUR/USD,20170906 15:08:51.071,1.19404,1.1940600000000001
EUR/USD,20170906 15:13:51.186,1.19425,1.19428
EUR/USD,20170906 15:18:52.071,1.19426,1.19428
EUR/USD,20170906 15:23:58.612,1.1944,1.19444
EUR/USD,20170906 15:28:59.322,1.19451,1.19455
EUR/USD,20170906 15:33:59.604,1.1945299999999999,1.19456
EUR/USD,20170906 15:38:59.615,1.19452,1.19456
EUR/USD,20170906 15:44:00.070,1.19422,1.19425
EUR/USD,20170906 15:49:02.167,1.19451,1.1945299999999999
EUR/USD,20170906 15:54:04.205,1.19456,1.1945700000000001
EUR/USD,20170906 15:59:04.714,1.19405,1.19408
EUR/USD,20170906 16:04:05.124,1.19403,1.1940600000000001
EUR/USD,20170906 16:09:08.379,1.19389,1.19392
EUR/USD,20170906 16:14:08.605,1.19377,1.1937799999999998
EUR/USD,20170906 16:19:08.635,1.1933200000000002,1.19337
EUR/USD,20170906 16:24:10.351,1.1946700000000001,1.19469
EUR/USD,20170906 16:29:12.701,1.19327,1.19331
EUR/USD,20170906 16:34:12.897,1.19289,1.19292
EUR/USD,20170906 16:39:16.920,1.1928299999999998,1.19288
EUR/USD,20170906 16:44:19.453,1.19294,1.19295
EUR/USD,20170906 16:49:20.459,1.19317,1.1932
EUR/USD,20170906 16:54:24.036,1.19299,1.193
EUR/USD,20170906 16:59:24.361,1.19245,1.1924700000000001
EUR/USD,20170906 17:04:24.476,1.1924299999999999,1.19245
EUR/USD,20170906 17:09:24.885,1.19215,1.19215
EUR/USD,20170906 17:14:26.788,1.1917,1.19174
EUR/USD,20170906 17:19:30.483,1.1922,1.19222
EUR/USD,20170906 17:24:30.745,1.19195,1.1919899999999999
EUR/USD,20170906 17:29:30.754,1.19258,1.19261
EUR/USD,20170906 17:34:32.692,1.1926299999999999,1.1926700000000001
EUR/USD,20170906 17:39:41.855,1.19221,1.19226
EUR/USD,20170906 17:44:45.862,1.1922,1.19222
EUR/USD,20170906 17:49:49.272,1.1926299999999999,1.19265
EUR/USD,20170906 17:54:50.352,1.192,1.19202
EUR/USD,20170906 17:59:51.106,1.19189,1.1919
EUR/USD,20170906 18:04:51.843,1.19156,1.19159
EUR/USD,20170906 18:09:52.804,1.19183,1.19185
EUR/USD,20170906 18:14:54.065,1.1923,1.19234
EUR/USD,20170906 18:19:55.562,1.19193,1.19194
EUR/USD,20170906 18:24:58.490,1.1914,1.19143
EUR/USD,20170906 18:30:02.243,1.1914,1.19143
EUR/USD,20170906 18:35:08.375,1.1914799999999999,1.1915200000000001
EUR/USD,20170906 18:40:08.793,1.19175,1.1917799999999998
EUR/USD,20170906 18:45:16.158,1.19205,1.1920899999999999
EUR/USD,20170906 18:50:17.533,1.19175,1.1917799999999998
EUR/USD,20170906 18:55:17.667,1.19128,1.1913200000000002
EUR/USD,20170906 19:00:17.921,1.19096,1.19098
EUR/USD,20170906 19:05:19.369,1.19105,1.19107
EUR/USD,20170906 19:10:26.054,1.1908,1.19085
EUR/USD,20170906 19:15:26.130,1.19102,1.1910399999999999
EUR/USD,20170906 19:20:30.856,1.19131,1.19135
EUR/USD,20170906 19:25:31.530,1.19123,1.19127
EUR/USD,20170906 19:30:32.692,1.1914200000000001,1.19146
EUR/USD,20170906 19:35:32.885,1.1915,1.19154
EUR/USD,20170906 19:40:34.611,1.1912399999999999,1.19129
EUR/USD,20170906 19:45:37.085,1.19134,1.19139
EUR/USD,20170906 19:50:39.269,1.1913799999999999,1.19139
EUR/USD,20170906 19:55:42.048,1.19145,1.19149
EUR/USD,20170906 20:00:43.181,1.19144,1.1914799999999999
EUR/USD,20170906 20:05:45.308,1.19134,1.19141
EUR/USD,20170906 20:10:50.794,1.19133,1.19143
EUR/USD,20170906 20:15:58.276,1.19134,1.1913799999999999
EUR/USD,20170906 20:21:01.587,1.1915799999999999,1.19166
EUR/USD,20170906 20:26:09.425,1.19182,1.19191
EUR/USD,20170906 20:31:13.651,1.19181,1.19189
EUR/USD,20170906 20:36:16.331,1.19193,1.19197
EUR/USD,20170906 20:41:21.733,1.19192,1.1919899999999999
EUR/USD,20170906 20:46:28.179,1.19187,1.19193
EUR/USD,20170906 20:51:29.268,1.19207,1.19212
EUR/USD,20170906 20:56:35.537,1.19179,1.19183
EUR/USD,20170906 21:01:36.837,1.19154,1.19187
EUR/USD,20170906 21:06:37.150,1.1918,1.19189
EUR/USD,20170906 21:12:13.136,1.19185,1.19192
EUR/USD,20170906 21:17:17.720,1.19191,1.19213
EUR/USD,20170906 21:22:18.317,1.19193,1.19203
EUR/USD,20170906 21:27:20.697,1.19189,1.1920899999999999
EUR/USD,20170906 21:32:20.721,1.19212,1.19223
EUR/USD,20170906 21:37:21.261,1.19197,1.19216
EUR/USD,20170906 21:42:21.486,1.19202,1.19223
EUR/USD,20170906 21:47:22.266,1.19213,1.19229
EUR/USD,20170906 21:52:23.022,1.19214,1.19229
EUR/USD,20170906 21:57:25.349,1.19216,1.19222
EUR/USD,20170906 22:02:30.383,1.1921700000000002,1.19224
EUR/USD,20170906 22:07:31.097,1.1923,1.19235
EUR/USD,20170906 22:12:31.844,1.19226,1.19232
EUR/USD,20170906 22:17:31.959,1.19225,1.19231
EUR/USD,20170906 22:22:34.772,1.19221,1.19228
EUR/USD,20170906 22:27:39.291,1.19218,1.19226
EUR/USD,20170906 22:32:41.694,1.1922700000000002,1.19231
EUR/USD,20170906 22:37:42.674,1.19216,1.19223
EUR/USD,20170906 22:42:45.593,1.1923,1.1923700000000002
EUR/USD,20170906 22:47:45.847,1.19248,1.19252
EUR/USD,20170906 22:52:48.833,1.19239,1.1924700000000001
EUR/USD,20170906 22:57:52.239,1.19256,1.1926299999999999
EUR/USD,20170906 23:02:57.090,1.19249,1.1925299999999999
EUR/USD,20170906 23:08:06.420,1.1925,1.19255
EUR/USD,20170906 23:13:20.856,1.19246,1.1925299999999999
EUR/USD,20170906 23:18:22.046,1.19238,1.19241
EUR/USD,20170906 23:23:29.975,1.19242,1.1925
EUR/USD,20170906 23:28:30.252,1.19232,1.19235
EUR/USD,20170906 23:33:32.042,1.19223,1.19231
EUR/USD,20170906 23:38:37.938,1.1922700000000002,1.19234
EUR/USD,20170906 23:43:41.497,1.19224,1.19229
EUR/USD,20170906 23:48:46.635,1.19236,1.19242
EUR/USD,20170906 23:53:54.732,1.19236,1.19242
EUR/USD,20170906 23:59:02.877,1.19269,1.19274
EUR/USD,20170907 00:04:03.088,1.19238,1.19242
EUR/USD,20170907 00:09:03.182,1.19238,1.19242
EUR/USD,20170907 00:14:05.408,1.1923,1.1923700000000002
EUR/USD,20170907 00:19:05.817,1.1924700000000001,1.19252
EUR/USD,20170907 00:24:07.442,1.19262,1.19269
EUR/USD,20170907 00:29:10.429,1.19268,1.19272
EUR/USD,20170907 00:34:12.459,1.19281,1.19286
EUR/USD,20170907 00:39:13.145,1.19295,1.19299
EUR/USD,20170907 00:44:15.074,1.1929299999999998,1.19296
EUR/USD,20170907 00:49:18.654,1.19266,1.19272
EUR/USD,20170907 00:54:23.485,1.1925700000000001,1.19261
EUR/USD,20170907 00:59:24.932,1.19226,1.1923
EUR/USD,20170907 01:04:26.231,1.1921,1.19215
EUR/USD,20170907 01:09:26.364,1.19208,1.19212
EUR/USD,20170907 01:14:31.976,1.1920600000000001,1.19211
EUR/USD,20170907 01:19:33.393,1.19215,1.1922
EUR/USD,20170907 01:24:33.469,1.1923,1.19233
EUR/USD,20170907 01:29:33.504,1.19242,1.19244
EUR/USD,20170907 01:34:34.095,1.19225,1.19226
EUR/USD,20170907 01:39:34.528,1.1919799999999998,1.19201
EUR/USD,20170907 01:44:34.823,1.19205,1.19208
EUR/USD,20170907 01:49:43.408,1.19225,1.19229
EUR/USD,20170907 01:54:43.593,1.1922,1.19224
EUR/USD,20170907 01:59:44.669,1.19234,1.1923700000000002
EUR/USD,20170907 02:04:45.440,1.19242,1.19245
EUR/USD,20170907 02:09:53.175,1.19236,1.1924
EUR/USD,20170907 02:14:53.177,1.19248,1.19254
EUR/USD,20170907 02:19:57.315,1.1924700000000001,1.19251
EUR/USD,20170907 02:25:04.172,1.1923700000000002,1.19242
EUR/USD,20170907 02:30:08.389,1.19251,1.19256
EUR/USD,20170907 02:35:10.905,1.19271,1.19274
EUR/USD,20170907 02:40:11.424,1.19255,1.19259
EUR/USD,20170907 02:45:12.874,1.1925299999999999,1.1925700000000001
EUR/USD,20170907 02:50:17.615,1.1925700000000001,1.1926299999999999
EUR/USD,20170907 02:55:23.017,1.19248,1.1925299999999999
EUR/USD,20170907 03:00:23.071,1.19249,1.1925299999999999
EUR/USD,20170907 03:05:23.280,1.19239,1.1924
EUR/USD,20170907 03:10:27.772,1.1921899999999999,1.19223
EUR/USD,20170907 03:15:31.532,1.19223,1.1922700000000002
EUR/USD,20170907 03:20:35.852,1.19234,1.1923700000000002
EUR/USD,20170907 03:25:36.610,1.19259,1.19262
EUR/USD,20170907 03:30:37.646,1.19258,1.19262
EUR/USD,20170907 03:35:37.837,1.1925,1.19254
EUR/USD,20170907 03:40:38.922,1.1925299999999999,1.19255
EUR/USD,20170907 03:45:41.010,1.1926700000000001,1.19271
EUR/USD,20170907 03:50:44.021,1.1927299999999998,1.19276
EUR/USD,20170907 03:55:47.846,1.1925700000000001,1.1926
EUR/USD,20170907 04:00:53.410,1.1925299999999999,1.19258
EUR/USD,20170907 04:05:56.126,1.19241,1.19246
EUR/USD,20170907 04:10:56.841,1.1925299999999999,1.1925700000000001
EUR/USD,20170907 04:15:56.890,1.1924,1.19245
EUR/USD,20170907 04:21:03.646,1.19232,1.1923700000000002
EUR/USD,20170907 04:26:03.746,1.19238,1.19242
EUR/USD,20170907 04:31:04.197,1.19244,1.19248
EUR/USD,20170907 04:36:04.715,1.19244,1.1924700000000001
EUR/USD,20170907 04:41:06.511,1.19241,1.19245
EUR/USD,20170907 04:46:10.980,1.19236,1.19241
EUR/USD,20170907 04:51:12.076,1.1924299999999999,1.19248
EUR/USD,20170907 04:56:15.227,1.1925299999999999,1.19255
EUR/USD,20170907 05:01:15.816,1.19249,1.1925299999999999
EUR/USD,20170907 05:06:15.880,1.19262,1.19265
EUR/USD,20170907 05:11:17.496,1.19258,1.1926
EUR/USD,20170907 05:16:18.005,1.1926299999999999,1.19266
EUR/USD,20170907 05:21:18.699,1.19256,1.19261
EUR/USD,20170907 05:26:27.105,1.1926,1.1926299999999999
EUR/USD,20170907 05:31:27.438,1.1924700000000001,1.19251
EUR/USD,20170907 05:36:28.750,1.19252,1.19255
EUR/USD,20170907 05:41:29.324,1.19232,1.19236
EUR/USD,20170907 05:46:31.520,1.1924,1.19244
EUR/USD,20170907 05:51:34.375,1.19233,1.19236
EUR/USD,20170907 05:56:35.929,1.19233,1.19235
EUR/USD,20170907 06:01:36.465,1.1921700000000002,1.19221
EUR/USD,20170907 06:06:36.949,1.19205,1.1921
EUR/USD,20170907 06:11:37.277,1.19169,1.1917200000000001
EUR/USD,20170907 06:16:39.284,1.19171,1.19176
EUR/USD,20170907 06:21:43.260,1.19167,1.1917
EUR/USD,20170907 06:26:45.176,1.19197,1.1919899999999999
EUR/USD,20170907 06:31:46.237,1.19222,1.19226
EUR/USD,20170907 06:36:46.564,1.19202,1.1920600000000001
EUR/USD,20170907 06:41:47.709,1.19218,1.19221
EUR/USD,20170907 06:46:48.827,1.19258,1.19262
EUR/USD,20170907 06:51:49.200,1.19229,1.19233
EUR/USD,20170907 06:56:51.272,1.19264,1.19268
EUR/USD,20170907 07:01:51.788,1.1931399999999999,1.19318
EUR/USD,20170907 07:06:52.100,1.19355,1.1935799999999999
EUR/USD,20170907 07:11:53.053,1.19402,1.1940600000000001
EUR/USD,20170907 07:16:53.417,1.19385,1.19387
EUR/USD,20170907 07:21:54.142,1.1937200000000001,1.19376
EUR/USD,20170907 07:26:54.223,1.1941700000000002,1.1941899999999999
EUR/USD,20170907 07:31:54.851,1.19418,1.1941899999999999
EUR/USD,20170907 07:36:56.216,1.1935799999999999,1.19361
EUR/USD,20170907 07:41:57.850,1.1937799999999998,1.19382
EUR/USD,20170907 07:46:57.996,1.19557,1.19557
EUR/USD,20170907 07:51:58.020,1.19513,1.19516
EUR/USD,20170907 07:57:01.628,1.19481,1.19485
EUR/USD,20170907 08:02:03.295,1.19506,1.19509
EUR/USD,20170907 08:07:03.922,1.19471,1.19471
EUR/USD,20170907 08:12:04.036,1.1945,1.1945299999999999
EUR/USD,20170907 08:17:04.984,1.19466,1.19469
EUR/USD,20170907 08:22:05.905,1.19497,1.19502
EUR/USD,20170907 08:27:05.933,1.19509,1.1951200000000002
EUR/USD,20170907 08:32:06.143,1.1960899999999999,1.19612
EUR/USD,20170907 08:37:06.403,1.1965299999999999,1.19656
EUR/USD,20170907 08:42:07.883,1.1966,1.19662
EUR/USD,20170907 08:47:08.557,1.19664,1.19666
EUR/USD,20170907 08:52:08.578,1.19646,1.19649
EUR/USD,20170907 08:57:08.810,1.1959600000000001,1.1959899999999999
EUR/USD,20170907 09:02:13.203,1.19602,1.19605
EUR/USD,20170907 09:07:13.368,1.19605,1.19607
EUR/USD,20170907 09:12:13.620,1.19631,1.19631
EUR/USD,20170907 09:17:19.556,1.1963700000000002,1.19642
EUR/USD,20170907 09:22:20.369,1.19694,1.19696
EUR/USD,20170907 09:27:20.705,1.19719,1.19723
EUR/USD,20170907 09:32:22.964,1.19727,1.1973
EUR/USD,20170907 09:37:23.232,1.19717,1.19718
EUR/USD,20170907 09:42:23.706,1.19728,1.1973
EUR/USD,20170907 09:47:24.799,1.19737,1.19741
EUR/USD,20170907 09:52:25.370,1.1977200000000001,1.19776
EUR/USD,20170907 09:57:26.588,1.19804,1.19808
EUR/USD,20170907 10:02:26.646,1.19794,1.1979799999999998
EUR/USD,20170907 10:07:29.570,1.19785,1.19789
EUR/USD,20170907 10:12:32.892,1.19784,1.19785
EUR/USD,20170907 10:17:34.919,1.19775,1.19775
EUR/USD,20170907 10:22:35.768,1.19792,1.1979600000000001
EUR/USD,20170907 10:27:36.624,1.19785,1.19789
EUR/USD,20170907 10:32:37.134,1.19773,1.19775
EUR/USD,20170907 10:37:39.265,1.19789,1.19793
EUR/USD,20170907 10:42:39.451,1.19767,1.1977
EUR/USD,20170907 10:47:39.884,1.19784,1.19787
EUR/USD,20170907 10:52:40.118,1.1979600000000001,1.1979799999999998
EUR/USD,20170907 10:57:40.193,1.1985700000000001,1.1986
EUR/USD,20170907 11:02:40.356,1.19807,1.19808
EUR/USD,20170907 11:07:40.463,1.19784,1.1978600000000001
EUR/USD,20170907 11:12:40.821,1.19825,1.19828
EUR/USD,20170907 11:17:41.012,1.19841,1.1984299999999999
EUR/USD,20170907 11:22:41.616,1.19791,1.19794
EUR/USD,20170907 11:27:41.704,1.1983700000000002,1.1984
EUR/USD,20170907 11:32:41.849,1.19833,1.1983700000000002
EUR/USD,20170907 11:37:43.030,1.19811,1.19814
EUR/USD,20170907 11:42:43.508,1.19766,1.19769
EUR/USD,20170907 11:47:43.545,1.1972399999999999,1.19729
EUR/USD,20170907 11:52:44.097,1.19754,1.19757
EUR/USD,20170907 11:57:46.066,1.19707,1.1971
EUR/USD,20170907 12:02:46.195,1.19735,1.1973799999999999
EUR/USD,20170907 12:07:47.031,1.197,1.19702
EUR/USD,20170907 12:12:47.272,1.19716,1.19718
EUR/USD,20170907 12:17:49.703,1.1972399999999999,1.19726
EUR/USD,20170907 12:22:50.104,1.19716,1.19719
EUR/USD,20170907 12:27:50.202,1.19705,1.19706
EUR/USD,20170907 12:32:50.946,1.1982899999999999,1.19833
EUR/USD,20170907 12:37:50.947,1.1972399999999999,1.19734
EUR/USD,20170907 12:42:50.992,1.19947,1.1995
EUR/USD,20170907 12:47:51.245,1.20292,1.20297
EUR/USD,20170907 12:52:51.286,1.2033200000000002,1.20338
EUR/USD,20170907 12:57:51.485,1.20485,1.20491
EUR/USD,20170907 13:02:51.532,1.2046299999999999,1.2046700000000001
EUR/USD,20170907 13:07:51.629,1.20325,1.20329
EUR/USD,20170907 13:12:51.650,1.202,1.20203
EUR/USD,20170907 13:17:51.684,1.20359,1.2036200000000001
EUR/USD,20170907 13:22:52.057,1.2024299999999999,1.20246
EUR/USD,20170907 13:27:52.118,1.20222,1.20224
EUR/USD,20170907 13:32:52.137,1.20231,1.20235
EUR/USD,20170907 13:37:52.267,1.2001899999999999,1.2001899999999999
EUR/USD,20170907 13:42:52.286,1.19981,1.19984
EUR/USD,20170907 13:47:52.550,1.19804,1.19808
EUR/USD,20170907 13:52:52.586,1.19909,1.19913
EUR/USD,20170907 13:57:52.731,1.1999,1.19994
EUR/USD,20170907 14:02:53.187,1.20078,1.20082
EUR/USD,20170907 14:07:53.807,1.20079,1.20084
EUR/USD,20170907 14:12:53.855,1.20112,1.20116
EUR/USD,20170907 14:17:54.326,1.20082,1.20086
EUR/USD,20170907 14:22:54.676,1.20143,1.20145
EUR/USD,20170907 14:27:54.711,1.20157,1.2016
EUR/USD,20170907 14:32:55.213,1.20144,1.2014799999999999
EUR/USD,20170907 14:37:57.632,1.20079,1.2008299999999998
EUR/USD,20170907 14:42:57.794,1.19976,1.1997799999999998
EUR/USD,20170907 14:47:58.094,1.2004700000000001,1.2005
EUR/USD,20170907 14:52:58.437,1.20082,1.20086
EUR/USD,20170907 14:57:58.511,1.2007299999999999,1.2007700000000001
EUR/USD,20170907 15:02:58.587,1.20062,1.2006299999999999
EUR/USD,20170907 15:07:59.080,1.2003,1.20034
EUR/USD,20170907 15:13:02.101,1.2016200000000001,1.20165
EUR/USD,20170907 15:18:02.264,1.2020600000000001,1.20208
EUR/USD,20170907 15:23:03.426,1.20224,1.2022700000000002
EUR/USD,20170907 15:28:04.050,1.20207,1.2021
EUR/USD,20170907 15:33:04.321,1.2026299999999999,1.20264
EUR/USD,20170907 15:38:04.406,1.2028299999999998,1.20285
EUR/USD,20170907 15:43:05.048,1.2025,1.20252
EUR/USD,20170907 15:48:05.439,1.20211,1.20214
EUR/USD,20170907 15:53:06.334,1.20236,1.20239
EUR/USD,20170907 15:58:06.699,1.20255,1.20256
EUR/USD,20170907 16:03:07.025,1.20279,1.20282
EUR/USD,20170907 16:08:07.091,1.2009100000000001,1.2009299999999998
EUR/USD,20170907 16:13:08.440,1.20086,1.20089
EUR/USD,20170907 16:18:08.490,1.2012,1.20123
EUR/USD,20170907 16:23:13.919,1.20095,1.20099
EUR/USD,20170907 16:28:15.657,1.2009,1.20092
EUR/USD,20170907 16:33:15.736,1.20141,1.20144
EUR/USD,20170907 16:38:15.958,1.20105,1.20108
EUR/USD,20170907 16:43:16.634,1.20035,1.20039
EUR/USD,20170907 16:48:17.185,1.19997,1.19999
EUR/USD,20170907 16:53:17.365,1.1994200000000002,1.19945
EUR/USD,20170907 16:58:17.595,1.19848,1.19851
EUR/USD,20170907 17:03:18.011,1.19931,1.19934
EUR/USD,20170907 17:08:19.988,1.19974,1.19975
EUR/USD,20170907 17:13:20.019,1.19933,1.19936
EUR/USD,20170907 17:18:20.441,1.19953,1.1995799999999999
EUR/USD,20170907 17:23:22.217,1.19986,1.19989
EUR/USD,20170907 17:28:24.215,1.1998,1.1998
EUR/USD,20170907 17:33:24.784,1.19976,1.1998
EUR/USD,20170907 17:38:26.126,1.1996200000000001,1.19966
EUR/USD,20170907 17:43:26.201,1.19941,1.19945
EUR/USD,20170907 17:48:26.446,1.19965,1.1996799999999999
EUR/USD,20170907 17:53:29.084,1.20005,1.2000899999999999
EUR/USD,20170907 17:58:36.142,1.20035,1.2004
EUR/USD,20170907 18:03:37.950,1.20021,1.20021
EUR/USD,20170907 18:08:38.030,1.2000600000000001,1.2000899999999999
EUR/USD,20170907 18:13:45.600,1.20059,1.2006299999999999
EUR/USD,20170907 18:18:45.736,1.20071,1.20074
EUR/USD,20170907 18:23:50.964,1.2005,1.20054
EUR/USD,20170907 18:28:51.314,1.20023,1.2002700000000002
EUR/USD,20170907 18:33:53.400,1.19989,1.19993
EUR/USD,20170907 18:38:53.409,1.19999,1.20004
EUR/USD,20170907 18:43:56.500,1.1993,1.19933
EUR/USD,20170907 18:48:56.898,1.19986,1.1998799999999998
EUR/USD,20170907 18:53:57.505,1.19986,1.1999
EUR/USD,20170907 18:59:00.031,1.2001,1.20013
EUR/USD,20170907 19:04:00.993,1.20059,1.2006299999999999
EUR/USD,20170907 19:09:01.384,1.20015,1.2001899999999999
EUR/USD,20170907 19:14:03.155,1.20011,1.20013
EUR/USD,20170907 19:19:11.889,1.20059,1.2006299999999999
EUR/USD,20170907 19:24:11.949,1.2010100000000001,1.2010399999999999
EUR/USD,20170907 19:29:12.021,1.2015200000000001,1.20156
EUR/USD,20170907 19:34:13.418,1.2014,1.20144
EUR/USD,20170907 19:39:14.553,1.20186,1.20189
EUR/USD,20170907 19:44:14.583,1.20179,1.20181
EUR/USD,20170907 19:49:14.929,1.20179,1.20183
EUR/USD,20170907 19:54:15.713,1.2019,1.20193
EUR/USD,20170907 19:59:16.162,1.20195,1.20199
EUR/USD,20170907 20:04:21.480,1.20191,1.20195
EUR/USD,20170907 20:09:21.649,1.20182,1.20186
EUR/USD,20170907 20:14:30.849,1.2019600000000001,1.202
EUR/USD,20170907 20:19:31.185,1.2021,1.20215
EUR/USD,20170907 20:24:34.826,1.20254,1.2025700000000001
EUR/USD,20170907 20:29:34.830,1.20275,1.20278
EUR/USD,20170907 20:34:35.159,1.20282,1.20285
EUR/USD,20170907 20:39:35.215,1.20272,1.20275
EUR/USD,20170907 20:44:36.745,1.2024,1.20245
EUR/USD,20170907 20:49:39.502,1.20223,1.2022700000000002
EUR/USD,20170907 20:54:39.561,1.2021899999999999,1.20225
EUR/USD,20170907 20:59:39.619,1.20223,1.20248
EUR/USD,20170907 21:04:43.193,1.2023,1.20255
EUR/USD,20170907 21:09:44.026,1.202,1.20205
EUR/USD,20170907 21:14:46.812,1.20215,1.2023700000000002
EUR/USD,20170907 21:19:47.305,1.20233,1.20248
EUR/USD,20170907 21:24:47.403,1.20234,1.20249
EUR/USD,20170907 21:29:50.007,1.20211,1.2021600000000001
EUR/USD,20170907 21:34:50.080,1.20213,1.20223
EUR/USD,20170907 21:39:50.304,1.20195,1.20205
EUR/USD,20170907 21:44:50.484,1.20201,1.2020899999999999
EUR/USD,20170907 21:49:50.753,1.20193,1.20199
EUR/USD,20170907 21:54:50.803,1.20202,1.2020899999999999
EUR/USD,20170907 21:59:50.889,1.20192,1.202
EUR/USD,20170907 22:04:52.530,1.20192,1.20199
EUR/USD,20170907 22:09:53.035,1.20203,1.2020899999999999
EUR/USD,20170907 22:14:55.540,1.2021700000000002,1.20221
EUR/USD,20170907 22:19:59.199,1.20195,1.20199
EUR/USD,20170907 22:24:59.671,1.20205,1.20211
EUR/USD,20170907 22:30:02.768,1.20205,1.20211
EUR/USD,20170907 22:35:03.714,1.2021,1.2021600000000001
EUR/USD,20170907 22:40:04.972,1.20212,1.2021899999999999
EUR/USD,20170907 22:45:19.677,1.20211,1.2021899999999999
EUR/USD,20170907 22:50:26.710,1.20193,1.2019799999999998
EUR/USD,20170907 22:55:31.275,1.20202,1.2020899999999999
EUR/USD,20170907 23:00:32.032,1.20202,1.20208
EUR/USD,20170907 23:05:32.088,1.20214,1.20218
EUR/USD,20170907 23:10:36.138,1.2024,1.2024299999999999
EUR/USD,20170907 23:15:39.467,1.20266,1.2027
EUR/USD,20170907 23:20:40.014,1.20244,1.20249
EUR/USD,20170907 23:25:43.727,1.20255,1.2026
EUR/USD,20170907 23:30:45.963,1.20245,1.20249
EUR/USD,20170907 23:35:47.513,1.20242,1.2024700000000001
EUR/USD,20170907 23:40:49.739,1.20262,1.2026700000000001
EUR/USD,20170907 23:45:52.116,1.20272,1.20278
EUR/USD,20170907 23:50:52.303,1.20255,1.20259
EUR/USD,20170907 23:55:57.553,1.20284,1.20287
EUR/USD,20170908 00:00:58.832,1.2028299999999998,1.20287
EUR/USD,20170908 00:06:00.214,1.2028,1.2028299999999998
EUR/USD,20170908 00:11:02.996,1.20262,1.20266
EUR/USD,20170908 00:16:06.199,1.20271,1.20274
EUR/USD,20170908 00:21:08.941,1.20254,1.2025700000000001
EUR/USD,20170908 00:26:09.908,1.20258,1.20262
EUR/USD,20170908 00:31:16.528,1.20271,1.2027700000000001
EUR/USD,20170908 00:36:20.245,1.20298,1.2030299999999998
EUR/USD,20170908 00:41:20.376,1.20345,1.2034799999999999
EUR/USD,20170908 00:46:21.960,1.20344,1.20349
EUR/USD,20170908 00:51:24.115,1.20335,1.20338
EUR/USD,20170908 00:56:25.590,1.20347,1.2035
EUR/USD,20170908 01:01:29.785,1.20316,1.20319
EUR/USD,20170908 01:06:31.101,1.20317,1.2032100000000001
EUR/USD,20170908 01:11:39.389,1.20336,1.20343
EUR/USD,20170908 01:16:40.099,1.2032100000000001,1.20326
EUR/USD,20170908 01:21:45.657,1.20317,1.2032
EUR/USD,20170908 01:26:45.669,1.20281,1.2028299999999998
EUR/USD,20170908 01:31:45.674,1.20288,1.2029
EUR/USD,20170908 01:36:45.792,1.20269,1.20272
EUR/USD,20170908 01:41:48.908,1.20278,1.20284
EUR/USD,20170908 01:46:52.688,1.2024700000000001,1.2025
EUR/USD,20170908 01:51:55.900,1.20235,1.20235
EUR/USD,20170908 01:56:56.138,1.2023700000000002,1.20242
EUR/USD,20170908 02:01:59.373,1.20231,1.20238
EUR/USD,20170908 02:07:00.745,1.2024299999999999,1.20246
EUR/USD,20170908 02:12:03.012,1.20274,1.2027700000000001
EUR/USD,20170908 02:17:04.392,1.2030399999999999,1.20308
EUR/USD,20170908 02:22:05.850,1.20319,1.2032399999999999
EUR/USD,20170908 02:27:06.163,1.20486,1.20491
EUR/USD,20170908 02:32:06.208,1.20459,1.20461
EUR/USD,20170908 02:37:06.324,1.20438,1.20442
EUR/USD,20170908 02:42:06.793,1.20595,1.20601
EUR/USD,20170908 02:47:07.541,1.20535,1.2054
EUR/USD,20170908 02:52:07.566,1.20803,1.2080799999999998
EUR/USD,20170908 02:57:08.112,1.20855,1.20861
EUR/USD,20170908 03:02:08.230,1.20741,1.20747
EUR/USD,20170908 03:07:08.942,1.2073,1.20736
EUR/USD,20170908 03:12:09.813,1.2070100000000001,1.20707
EUR/USD,20170908 03:17:10.147,1.2066700000000001,1.20672
EUR/USD,20170908 03:22:10.238,1.2065,1.20656
EUR/USD,20170908 03:27:11.949,1.2070299999999998,1.20709
EUR/USD,20170908 03:32:12.205,1.20687,1.20691
EUR/USD,20170908 03:37:20.276,1.20678,1.20684
EUR/USD,20170908 03:42:21.003,1.20644,1.20648
EUR/USD,20170908 03:47:22.582,1.20648,1.20652
EUR/USD,20170908 03:52:23.843,1.20741,1.20746
EUR/USD,20170908 03:57:24.075,1.20731,1.20735
EUR/USD,20170908 04:02:26.552,1.20708,1.20713
EUR/USD,20170908 04:07:26.643,1.2065,1.20655
EUR/USD,20170908 04:12:28.454,1.20654,1.2065700000000001
EUR/USD,20170908 04:17:35.839,1.2065299999999999,1.2065700000000001
EUR/USD,20170908 04:22:40.332,1.20676,1.2068299999999998
EUR/USD,20170908 04:27:40.333,1.20632,1.20635
EUR/USD,20170908 04:32:46.818,1.2063700000000002,1.20643
EUR/USD,20170908 04:37:47.638,1.20686,1.2069
EUR/USD,20170908 04:42:47.832,1.2064,1.20643
EUR/USD,20170908 04:47:49.684,1.20676,1.20681
EUR/USD,20170908 04:52:55.907,1.2068299999999998,1.20686
EUR/USD,20170908 04:58:01.632,1.20686,1.20692
EUR/USD,20170908 05:03:02.844,1.2076799999999999,1.20769
EUR/USD,20170908 05:08:03.250,1.20811,1.20815
EUR/USD,20170908 05:13:05.441,1.2085,1.20851
EUR/USD,20170908 05:18:05.828,1.20842,1.20846
EUR/USD,20170908 05:23:06.129,1.20784,1.20789
EUR/USD,20170908 05:28:06.482,1.20885,1.2088700000000001
EUR/USD,20170908 05:33:07.984,1.2084,1.20843
EUR/USD,20170908 05:38:08.328,1.20789,1.20792
EUR/USD,20170908 05:43:08.582,1.20814,1.2081899999999999
EUR/USD,20170908 05:48:08.588,1.2079,1.20791
EUR/USD,20170908 05:53:09.433,1.2076200000000001,1.2076799999999999
EUR/USD,20170908 05:58:10.252,1.20774,1.20779
EUR/USD,20170908 06:03:10.558,1.20769,1.20773
EUR/USD,20170908 06:08:10.781,1.2081899999999999,1.20824
EUR/USD,20170908 06:13:11.296,1.2074,1.20744
EUR/USD,20170908 06:18:11.969,1.2071399999999999,1.20718
EUR/USD,20170908 06:23:13.399,1.20635,1.2063700000000002
EUR/USD,20170908 06:28:13.435,1.20644,1.20648
EUR/USD,20170908 06:33:13.587,1.2063,1.20632
EUR/USD,20170908 06:38:13.709,1.20622,1.20626
EUR/USD,20170908 06:43:13.731,1.20643,1.20646
EUR/USD,20170908 06:48:13.830,1.2061899999999999,1.20623
EUR/USD,20170908 06:53:14.496,1.20607,1.20611
EUR/USD,20170908 06:58:14.896,1.2065299999999999,1.20655
EUR/USD,20170908 07:03:14.939,1.20654,1.20659
EUR/USD,20170908 07:08:15.427,1.20641,1.20644
EUR/USD,20170908 07:13:15.446,1.20559,1.2056200000000001
EUR/USD,20170908 07:18:15.555,1.20497,1.205
EUR/USD,20170908 07:23:16.268,1.20502,1.20506
EUR/USD,20170908 07:28:16.295,1.20478,1.20479
EUR/USD,20170908 07:33:16.525,1.20411,1.20414
EUR/USD,20170908 07:38:17.901,1.20476,1.20479
EUR/USD,20170908 07:43:18.070,1.2048,1.20481
EUR/USD,20170908 07:48:22.839,1.20549,1.20553
EUR/USD,20170908 07:53:28.647,1.20492,1.20494
EUR/USD,20170908 07:58:33.873,1.20487,1.20489
EUR/USD,20170908 08:03:34.616,1.20498,1.2050100000000001
EUR/USD,20170908 08:08:34.727,1.2042700000000002,1.2043
EUR/USD,20170908 08:13:34.814,1.20484,1.20487
EUR/USD,20170908 08:18:36.896,1.20497,1.20498
EUR/USD,20170908 08:23:38.720,1.2046700000000001,1.20468
EUR/USD,20170908 08:28:38.737,1.20481,1.2048299999999998
EUR/USD,20170908 08:33:38.937,1.2045700000000001,1.20461
EUR/USD,20170908 08:38:41.113,1.20506,1.2051
EUR/USD,20170908 08:43:43.700,1.2047299999999999,1.20476
EUR/USD,20170908 08:48:43.964,1.20535,1.20535
EUR/USD,20170908 08:53:44.281,1.20662,1.20665
EUR/USD,20170908 08:58:44.419,1.20622,1.20625
EUR/USD,20170908 09:03:45.777,1.20623,1.20626
EUR/USD,20170908 09:08:47.791,1.20573,1.20577
EUR/USD,20170908 09:13:47.850,1.20554,1.2055799999999999
EUR/USD,20170908 09:18:47.858,1.2055799999999999,1.2055799999999999
EUR/USD,20170908 09:23:49.018,1.20581,1.2058200000000001
EUR/USD,20170908 09:28:50.632,1.2054799999999999,1.20551
EUR/USD,20170908 09:33:50.679,1.2053,1.2053399999999999
EUR/USD,20170908 09:38:52.381,1.20567,1.20571
EUR/USD,20170908 09:43:52.408,1.2059,1.20593
EUR/USD,20170908 09:48:53.936,1.2062700000000002,1.2063
EUR/USD,20170908 09:54:02.398,1.20592,1.20597
EUR/USD,20170908 09:59:02.715,1.20602,1.2060600000000001
EUR/USD,20170908 10:04:03.827,1.20594,1.20597
EUR/USD,20170908 10:09:04.013,1.20656,1.20659
EUR/USD,20170908 10:14:04.136,1.2068,1.20682
EUR/USD,20170908 10:19:06.189,1.20655,1.20659
EUR/USD,20170908 10:24:06.464,1.20641,1.20645
EUR/USD,20170908 10:29:06.770,1.2070299999999998,1.20707
EUR/USD,20170908 10:34:07.163,1.20708,1.2071
EUR/USD,20170908 10:39:07.224,1.20669,1.20672
EUR/USD,20170908 10:44:07.479,1.20666,1.2067
EUR/USD,20170908 10:49:08.131,1.20662,1.20666
EUR/USD,20170908 10:54:11.717,1.20665,1.20668
EUR/USD,20170908 10:59:11.842,1.20687,1.20689
EUR/USD,20170908 11:04:17.003,1.2068299999999998,1.20686
EUR/USD,20170908 11:09:17.823,1.20651,1.20654
EUR/USD,20170908 11:14:18.692,1.20574,1.2057799999999999
EUR/USD,20170908 11:19:20.328,1.20536,1.20538
EUR/USD,20170908 11:24:21.112,1.20535,1.2054
EUR/USD,20170908 11:29:22.700,1.20569,1.20574
EUR/USD,20170908 11:34:24.910,1.20612,1.2061600000000001
EUR/USD,20170908 11:39:26.671,1.20643,1.20648
EUR/USD,20170908 11:44:27.771,1.20664,1.20665
EUR/USD,20170908 11:49:29.501,1.20681,1.20685
EUR/USD,20170908 11:54:31.935,1.20684,1.20687
EUR/USD,20170908 11:59:32.158,1.2067299999999999,1.2067700000000001
EUR/USD,20170908 12:04:37.873,1.2061,1.20613
EUR/USD,20170908 12:09:38.465,1.2066,1.2066299999999999
EUR/USD,20170908 12:14:38.592,1.20621,1.20623
EUR/USD,20170908 12:19:39.667,1.20604,1.2060799999999998
EUR/USD,20170908 12:24:41.583,1.20635,1.20638
EUR/USD,20170908 12:29:42.749,1.2059799999999998,1.20601
EUR/USD,20170908 12:34:42.906,1.2055200000000001,1.20553
EUR/USD,20170908 12:39:43.394,1.20515,1.20518
EUR/USD,20170908 12:44:45.662,1.20518,1.2052
EUR/USD,20170908 12:49:45.900,1.2040600000000001,1.2040899999999999
EUR/USD,20170908 12:54:46.935,1.20371,1.20375
EUR/USD,20170908 12:59:48.477,1.20423,1.20426
EUR/USD,20170908 13:04:48.682,1.2039600000000001,1.20399
EUR/USD,20170908 13:09:48.809,1.2045700000000001,1.20461
EUR/USD,20170908 13:14:49.412,1.20491,1.20495
EUR/USD,20170908 13:19:49.995,1.20462,1.20464
EUR/USD,20170908 13:24:50.017,1.20465,1.2046700000000001
EUR/USD,20170908 13:29:51.182,1.2046299999999999,1.2046700000000001
EUR/USD,20170908 13:34:52.139,1.20461,1.20465
EUR/USD,20170908 13:39:55.438,1.20464,1.20466
EUR/USD,20170908 13:44:56.792,1.2045299999999999,1.2045700000000001
EUR/USD,20170908 13:49:57.206,1.20327,1.20329
EUR/USD,20170908 13:54:57.422,1.2033200000000002,1.20335
EUR/USD,20170908 13:59:57.469,1.20266,1.20269
EUR/USD,20170908 14:04:57.512,1.20274,1.2027700000000001
EUR/USD,20170908 14:09:58.743,1.20313,1.20316
EUR/USD,20170908 14:14:59.627,1.2036,1.20364
EUR/USD,20170908 14:20:00.157,1.2034799999999999,1.20351
EUR/USD,20170908 14:25:02.117,1.20308,1.20312
EUR/USD,20170908 14:30:02.118,1.20266,1.2027
EUR/USD,20170908 14:35:02.197,1.2024299999999999,1.20245
EUR/USD,20170908 14:40:03.281,1.20325,1.20327
EUR/USD,20170908 14:45:03.478,1.2033200000000002,1.20335
EUR/USD,20170908 14:50:04.184,1.2020899999999999,1.20214
EUR/USD,20170908 14:55:04.392,1.20287,1.2029
EUR/USD,20170908 15:00:04.577,1.20191,1.20195
EUR/USD,20170908 15:05:05.011,1.20235,1.20239
EUR/USD,20170908 15:10:05.018,1.20241,1.2024299999999999
EUR/USD,20170908 15:15:05.952,1.20284,1.20286
EUR/USD,20170908 15:20:08.307,1.20335,1.20337
EUR/USD,20170908 15:25:12.109,1.2030299999999998,1.20306
EUR/USD,20170908 15:30:12.150,1.2031100000000001,1.2031399999999999
EUR/USD,20170908 15:35:12.882,1.2031399999999999,1.20318
EUR/USD,20170908 15:40:14.732,1.20329,1.2033200000000002
EUR/USD,20170908 15:45:17.960,1.20359,1.20363
EUR/USD,20170908 15:50:21.350,1.2034200000000002,1.20346
EUR/USD,20170908 15:55:22.653,1.20397,1.20401
EUR/USD,20170908 16:00:26.081,1.20392,1.20395
EUR/USD,20170908 16:05:26.893,1.20423,1.2042700000000002
EUR/USD,20170908 16:10:33.073,1.20414,1.20418
EUR/USD,20170908 16:15:33.796,1.20393,1.20397
EUR/USD,20170908 16:20:34.904,1.20356,1.20357
EUR/USD,20170908 16:25:35.721,1.20336,1.2034
EUR/USD,20170908 16:30:41.385,1.20357,1.20361
EUR/USD,20170908 16:35:42.932,1.20373,1.20376
EUR/USD,20170908 16:40:45.840,1.2037799999999999,1.2038200000000001
EUR/USD,20170908 16:45:45.896,1.20389,1.20392
EUR/USD,20170908 16:50:46.076,1.2035,1.20353
EUR/USD,20170908 16:55:46.266,1.20306,1.2031
EUR/USD,20170908 17:00:46.292,1.20295,1.20299
EUR/USD,20170908 17:05:47.652,1.20299,1.2030299999999998
EUR/USD,20170908 17:10:49.730,1.2031,1.2031399999999999
EUR/USD,20170908 17:15:51.929,1.20318,1.2032100000000001
EUR/USD,20170908 17:20:53.309,1.20306,1.20308
EUR/USD,20170908 17:25:54.501,1.20294,1.203
EUR/USD,20170908 17:30:55.800,1.20282,1.20286
EUR/USD,20170908 17:35:56.239,1.20296,1.203
EUR/USD,20170908 17:41:01.344,1.20295,1.20297
EUR/USD,20170908 17:46:01.511,1.20292,1.20296
EUR/USD,20170908 17:51:02.245,1.20278,1.20282
EUR/USD,20170908 17:56:03.418,1.20308,1.2031100000000001
EUR/USD,20170908 18:01:04.680,1.2030299999999998,1.20306
EUR/USD,20170908 18:06:06.557,1.2030299999999998,1.20307
EUR/USD,20170908 18:11:06.611,1.2031100000000001,1.20313
EUR/USD,20170908 18:16:07.503,1.20279,1.20282
EUR/USD,20170908 18:21:08.773,1.2030399999999999,1.20306
EUR/USD,20170908 18:26:10.124,1.2029100000000001,1.2029299999999998
EUR/USD,20170908 18:31:13.292,1.2027700000000001,1.2028
EUR/USD,20170908 18:36:14.202,1.20288,1.2029
EUR/USD,20170908 18:41:14.233,1.20258,1.20262
EUR/USD,20170908 18:46:18.712,1.20287,1.2029100000000001
EUR/USD,20170908 18:51:22.785,1.20292,1.20297
EUR/USD,20170908 18:56:24.500,1.2026,1.20266
EUR/USD,20170908 19:01:25.030,1.2028299999999998,1.20287
EUR/USD,20170908 19:06:25.914,1.20371,1.20375
EUR/USD,20170908 19:11:26.368,1.20361,1.20367
EUR/USD,20170908 19:16:30.652,1.20338,1.20343
EUR/USD,20170908 19:21:32.643,1.20305,1.2031
EUR/USD,20170908 19:26:37.285,1.2031399999999999,1.20318
EUR/USD,20170908 19:31:38.396,1.20326,1.2033
EUR/USD,20170908 19:36:46.211,1.20316,1.20319
EUR/USD,20170908 19:41:46.989,1.20338,1.2034200000000002
EUR/USD,20170908 19:46:54.812,1.2032200000000002,1.20326
EUR/USD,20170908 19:51:54.845,1.2032399999999999,1.20328
EUR/USD,20170908 19:56:54.847,1.20318,1.2032100000000001
EUR/USD,20170908 20:01:56.723,1.20305,1.20307
EUR/USD,20170908 20:06:56.902,1.2032200000000002,1.20326
EUR/USD,20170908 20:12:02.490,1.2033399999999999,1.20338
EUR/USD,20170908 20:17:04.747,1.20349,1.20353
EUR/USD,20170908 20:22:06.961,1.20344,1.2034799999999999
EUR/USD,20170908 20:27:11.007,1.2035200000000001,1.20356
EUR/USD,20170908 20:32:15.422,1.2036,1.20364
EUR/USD,20170908 20:37:19.047,1.2038200000000001,1.20387
EUR/USD,20170908 20:42:23.291,1.20363,1.2037
EUR/USD,20170908 20:47:24.311,1.20337,1.20344
EUR/USD,20170908 20:52:24.494,1.20286,1.20294
EUR/USD,20170908 20:57:31.055,1.20313,1.2032399999999999
EUR/USD,20170910 21:03:40.525,1.2016799999999999,1.20228
EUR/USD,20170910 21:09:08.291,1.20211,1.2023
EUR/USD,20170910 21:14:10.479,1.20207,1.20261
EUR/USD,20170910 21:19:13.021,1.2023,1.2027299999999999
EUR/USD,20170910 21:24:17.086,1.20222,1.20238
EUR/USD,20170910 21:29:27.022,1.2021899999999999,1.2024700000000001
EUR/USD,20170910 21:34:35.294,1.2020899999999999,1.20256
EUR/USD,20170910 21:39:40.632,1.20203,1.2025
EUR/USD,20170910 21:44:42.317,1.20214,1.20241
EUR/USD,20170910 21:49:53.102,1.20205,1.20254
EUR/USD,20170910 21:55:00.538,1.2020899999999999,1.20256
EUR/USD,20170910 22:00:00.559,1.20236,1.2023700000000002
EUR/USD,20170910 22:05:00.600,1.2020899999999999,1.2021700000000002
EUR/USD,20170910 22:10:00.740,1.20179,1.20185
EUR/USD,20170910 22:15:02.078,1.20176,1.20181
EUR/USD,20170910 22:20:02.634,1.2016200000000001,1.2016799999999999
EUR/USD,20170910 22:25:03.210,1.20144,1.20151
EUR/USD,20170910 22:30:08.453,1.20154,1.2016200000000001
EUR/USD,20170910 22:35:10.739,1.20143,1.2014799999999999
EUR/USD,20170910 22:40:11.138,1.2015200000000001,1.20155
EUR/USD,20170910 22:45:11.325,1.2019799999999998,1.20203
EUR/USD,20170910 22:50:11.383,1.20187,1.20194
EUR/USD,20170910 22:55:26.011,1.20187,1.20194
EUR/USD,20170910 23:00:26.273,1.20192,1.20197
EUR/USD,20170910 23:05:30.518,1.202,1.20202
EUR/USD,20170910 23:10:31.153,1.20174,1.2018
EUR/USD,20170910 23:15:32.857,1.20181,1.20185
EUR/USD,20170910 23:20:33.872,1.2018,1.20186
EUR/USD,20170910 23:25:34.252,1.2017200000000001,1.20177
EUR/USD,20170910 23:30:43.645,1.2015200000000001,1.20156
EUR/USD,20170910 23:35:44.193,1.20127,1.2013200000000002
EUR/USD,20170910 23:40:47.559,1.20149,1.20154
EUR/USD,20170910 23:45:47.684,1.20163,1.20169
EUR/USD,20170910 23:50:47.946,1.20161,1.20163
EUR/USD,20170910 23:55:48.336,1.2016200000000001,1.20167
EUR/USD,20170911 00:00:49.158,1.20154,1.20157
EUR/USD,20170911 00:05:49.536,1.20151,1.20156
EUR/USD,20170911 00:10:53.684,1.2014799999999999,1.2015200000000001
EUR/USD,20170911 00:15:53.831,1.20131,1.20136
EUR/USD,20170911 00:20:53.890,1.20134,1.20138
EUR/USD,20170911 00:25:57.480,1.20143,1.20146
EUR/USD,20170911 00:31:10.088,1.20154,1.20159
EUR/USD,20170911 00:36:10.216,1.20189,1.20192
EUR/USD,20170911 00:41:10.468,1.20156,1.2015799999999999
EUR/USD,20170911 00:46:11.257,1.20144,1.2014799999999999
EUR/USD,20170911 00:51:14.995,1.2013200000000002,1.20136
EUR/USD,20170911 00:56:16.116,1.20127,1.20131
EUR/USD,20170911 01:01:16.157,1.20149,1.20151
EUR/USD,20170911 01:06:20.184,1.20141,1.20143
EUR/USD,20170911 01:11:20.612,1.20133,1.20136
EUR/USD,20170911 01:16:21.393,1.20128,1.2013
EUR/USD,20170911 01:21:22.791,1.2012399999999999,1.20127
EUR/USD,20170911 01:26:26.900,1.20119,1.2012200000000002
EUR/USD,20170911 01:31:26.920,1.20031,1.20035
EUR/USD,20170911 01:36:27.459,1.20028,1.20033
EUR/USD,20170911 01:41:28.079,1.20041,1.20045
EUR/USD,20170911 01:46:30.131,1.20062,1.20064
EUR/USD,20170911 01:51:34.355,1.2007,1.20074
EUR/USD,20170911 01:56:35.681,1.20106,1.20109
EUR/USD,20170911 02:01:39.109,1.2007299999999999,1.20075
EUR/USD,20170911 02:06:39.453,1.20084,1.20088
EUR/USD,20170911 02:11:39.536,1.20046,1.20049
EUR/USD,20170911 02:16:42.948,1.20069,1.2007299999999999
EUR/USD,20170911 02:21:45.608,1.20084,1.20089
EUR/USD,20170911 02:26:45.659,1.20102,1.20108
EUR/USD,20170911 02:31:45.799,1.20115,1.20119
EUR/USD,20170911 02:36:48.051,1.20115,1.20119
EUR/USD,20170911 02:41:48.892,1.20139,1.20144
EUR/USD,20170911 02:46:49.448,1.20138,1.2014200000000002
EUR/USD,20170911 02:51:50.498,1.2015200000000001,1.20155
EUR/USD,20170911 02:56:51.197,1.2017200000000001,1.20176
EUR/USD,20170911 03:01:51.763,1.20183,1.2018799999999998
EUR/USD,20170911 03:06:52.998,1.20185,1.2018799999999998
EUR/USD,20170911 03:11:55.888,1.2016799999999999,1.2017200000000001
EUR/USD,20170911 03:17:01.314,1.20153,1.2015799999999999
EUR/USD,20170911 03:22:03.690,1.20156,1.20164
EUR/USD,20170911 03:27:09.079,1.20153,1.2015799999999999
EUR/USD,20170911 03:32:11.883,1.2015799999999999,1.20163
EUR/USD,20170911 03:37:12.299,1.20137,1.2014
EUR/USD,20170911 03:42:13.122,1.2013200000000002,1.20136
EUR/USD,20170911 03:47:13.384,1.2010399999999999,1.2011
EUR/USD,20170911 03:52:13.739,1.2011100000000001,1.20115
EUR/USD,20170911 03:57:14.698,1.20134,1.20137
EUR/USD,20170911 04:02:18.056,1.20129,1.2013200000000002
EUR/USD,20170911 04:07:19.053,1.20145,1.20147
EUR/USD,20170911 04:12:19.236,1.20147,1.2015
EUR/USD,20170911 04:17:20.093,1.20112,1.20116
EUR/USD,20170911 04:22:21.894,1.20134,1.20138
EUR/USD,20170911 04:27:22.106,1.20115,1.20118
EUR/USD,20170911 04:32:28.904,1.2010100000000001,1.20107
EUR/USD,20170911 04:37:34.237,1.20105,1.20107
EUR/USD,20170911 04:42:40.716,1.20088,1.20092
EUR/USD,20170911 04:47:41.802,1.20089,1.20094
EUR/USD,20170911 04:52:41.833,1.20058,1.2006299999999999
EUR/USD,20170911 04:57:42.612,1.20059,1.20064
EUR/USD,20170911 05:02:45.867,1.20076,1.2007700000000001
EUR/USD,20170911 05:07:46.167,1.20062,1.20068
EUR/USD,20170911 05:12:46.540,1.20089,1.20094
EUR/USD,20170911 05:17:47.140,1.20102,1.20106
EUR/USD,20170911 05:22:47.767,1.20126,1.2013
EUR/USD,20170911 05:27:49.362,1.2013200000000002,1.20135
EUR/USD,20170911 05:32:49.690,1.20151,1.20154
EUR/USD,20170911 05:37:49.821,1.20138,1.2014
EUR/USD,20170911 05:42:52.547,1.20136,1.20138
EUR/USD,20170911 05:47:54.600,1.20144,1.2014799999999999
EUR/USD,20170911 05:52:57.858,1.20149,1.20149
EUR/USD,20170911 05:58:00.058,1.20153,1.20156
EUR/USD,20170911 06:03:00.177,1.20141,1.20145
EUR/USD,20170911 06:08:00.375,1.2012399999999999,1.20127
EUR/USD,20170911 06:13:00.394,1.20154,1.2015799999999999
EUR/USD,20170911 06:18:00.935,1.20149,1.20153
EUR/USD,20170911 06:23:01.335,1.2016200000000001,1.20164
EUR/USD,20170911 06:28:02.516,1.20164,1.20167
EUR/USD,20170911 06:33:02.934,1.2011100000000001,1.2011399999999999
EUR/USD,20170911 06:38:03.201,1.20038,1.2004
EUR/USD,20170911 06:43:03.919,1.2003700000000002,1.20039
EUR/USD,20170911 06:48:04.129,1.20123,1.20125
EUR/USD,20170911 06:53:04.841,1.20089,1.20092
EUR/USD,20170911 06:58:05.384,1.20075,1.20078
EUR/USD,20170911 07:03:05.518,1.20099,1.20106
EUR/USD,20170911 07:08:05.743,1.1997200000000001,1.19975
EUR/USD,20170911 07:13:06.043,1.19982,1.19986
EUR/USD,20170911 07:18:09.298,1.19963,1.19966
EUR/USD,20170911 07:23:10.648,1.19993,1.19997
EUR/USD,20170911 07:28:11.518,1.19992,1.1999600000000001
EUR/USD,20170911 07:33:11.739,1.20022,1.20025
EUR/USD,20170911 07:38:12.703,1.20048,1.20051
EUR/USD,20170911 07:43:13.326,1.20084,1.20087
EUR/USD,20170911 07:48:14.090,1.20119,1.20123
EUR/USD,20170911 07:53:18.408,1.2014,1.20143
EUR/USD,20170911 07:58:19.952,1.2016,1.2016200000000001
EUR/USD,20170911 08:03:24.630,1.20123,1.20127
EUR/USD,20170911 08:08:25.610,1.2014,1.2014200000000002
EUR/USD,20170911 08:13:28.696,1.2016,1.20165
EUR/USD,20170911 08:18:29.795,1.20153,1.20153
EUR/USD,20170911 08:23:30.048,1.20185,1.2018799999999998
EUR/USD,20170911 08:28:31.396,1.20215,1.2021899999999999
EUR/USD,20170911 08:33:33.150,1.20254,1.20256
EUR/USD,20170911 08:38:33.195,1.20255,1.20258
EUR/USD,20170911 08:43:33.464,1.2023700000000002,1.20241
EUR/USD,20170911 08:48:33.823,1.20234,1.20236
EUR/USD,20170911 08:53:36.498,1.2019,1.20194
EUR/USD,20170911 08:58:38.907,1.20203,1.20207
EUR/USD,20170911 09:03:39.481,1.20208,1.2021
EUR/USD,20170911 09:08:39.834,1.20241,1.20244
EUR/USD,20170911 09:13:40.317,1.20226,1.2023
EUR/USD,20170911 09:18:40.723,1.20192,1.20193
EUR/USD,20170911 09:23:40.749,1.2019,1.20192
EUR/USD,20170911 09:28:41.617,1.20149,1.2015200000000001
EUR/USD,20170911 09:33:42.108,1.20155,1.20159
EUR/USD,20170911 09:38:42.276,1.20139,1.20143
EUR/USD,20170911 09:43:43.799,1.20131,1.20135
EUR/USD,20170911 09:48:48.276,1.20138,1.2014200000000002
EUR/USD,20170911 09:53:49.147,1.20116,1.20119
EUR/USD,20170911 09:58:50.967,1.20113,1.20116
EUR/USD,20170911 10:03:53.152,1.20137,1.20141
EUR/USD,20170911 10:08:53.873,1.20163,1.20167
EUR/USD,20170911 10:13:56.137,1.20153,1.20156
EUR/USD,20170911 10:19:16.500,1.2019600000000001,1.20201
EUR/USD,20170911 10:24:18.211,1.2017,1.20173
EUR/USD,20170911 10:29:18.220,1.20156,1.2016
EUR/USD,20170911 10:34:21.155,1.20154,1.2015799999999999
EUR/USD,20170911 10:39:29.099,1.20155,1.2016
EUR/USD,20170911 10:44:29.298,1.20117,1.20121
EUR/USD,20170911 10:49:29.554,1.20161,1.20164
EUR/USD,20170911 10:54:29.678,1.2011,1.2011399999999999
EUR/USD,20170911 10:59:32.224,1.2010399999999999,1.20105
EUR/USD,20170911 11:04:34.446,1.20108,1.2011
EUR/USD,20170911 11:09:34.644,1.20121,1.2012200000000002
EUR/USD,20170911 11:14:34.707,1.20137,1.2014
EUR/USD,20170911 11:19:38.270,1.2012,1.2012200000000002
EUR/USD,20170911 11:24:39.378,1.20109,1.20113
EUR/USD,20170911 11:29:39.598,1.20059,1.20062
EUR/USD,20170911 11:34:40.626,1.20038,1.20042
EUR/USD,20170911 11:39:41.181,1.19944,1.19945
EUR/USD,20170911 11:44:41.889,1.19989,1.19991
EUR/USD,20170911 11:49:42.862,1.20007,1.20012
EUR/USD,20170911 11:54:44.866,1.19994,1.1999600000000001
EUR/USD,20170911 11:59:45.959,1.19984,1.19985
EUR/USD,20170911 12:04:45.974,1.20023,1.20025
EUR/USD,20170911 12:09:46.155,1.19982,1.19985
EUR/USD,20170911 12:14:46.179,1.19935,1.19938
EUR/USD,20170911 12:19:46.180,1.19963,1.19966
EUR/USD,20170911 12:24:46.339,1.19944,1.19947
EUR/USD,20170911 12:29:46.816,1.19937,1.19941
EUR/USD,20170911 12:34:56.942,1.1995200000000001,1.19954
EUR/USD,20170911 12:39:57.150,1.19899,1.19902
EUR/USD,20170911 12:44:58.130,1.1981899999999999,1.19821
EUR/USD,20170911 12:50:00.505,1.1986299999999999,1.1986299999999999
EUR/USD,20170911 12:55:01.559,1.1985,1.19852
EUR/USD,20170911 13:00:01.650,1.19844,1.19845
EUR/USD,20170911 13:05:01.749,1.19844,1.19845
EUR/USD,20170911 13:10:01.787,1.19769,1.1977
EUR/USD,20170911 13:15:03.846,1.19759,1.19763
EUR/USD,20170911 13:20:04.875,1.1973200000000002,1.19736
EUR/USD,20170911 13:25:12.144,1.19769,1.1977200000000001
EUR/USD,20170911 13:30:12.454,1.1977,1.1977200000000001
EUR/USD,20170911 13:35:12.912,1.19745,1.19749
EUR/USD,20170911 13:40:14.076,1.19794,1.1979799999999998
EUR/USD,20170911 13:45:16.205,1.19792,1.19793
EUR/USD,20170911 13:50:16.895,1.19844,1.1984700000000001
EUR/USD,20170911 13:55:17.005,1.1986700000000001,1.1987
EUR/USD,20170911 14:00:17.795,1.19876,1.19879
EUR/USD,20170911 14:05:17.883,1.19875,1.19878
EUR/USD,20170911 14:10:22.776,1.1988,1.1988299999999998
EUR/USD,20170911 14:15:23.824,1.19875,1.19878
EUR/USD,20170911 14:20:23.900,1.1987,1.1987299999999999
EUR/USD,20170911 14:25:25.376,1.19858,1.19862
EUR/USD,20170911 14:30:25.628,1.19828,1.1983
EUR/USD,20170911 14:35:26.547,1.19839,1.19842
EUR/USD,20170911 14:40:28.796,1.19848,1.19852
EUR/USD,20170911 14:45:29.287,1.1982,1.19823
EUR/USD,20170911 14:50:30.051,1.1982899999999999,1.19832
EUR/USD,20170911 14:55:30.394,1.19834,1.1983700000000002
EUR/USD,20170911 15:00:30.951,1.19811,1.19813
EUR/USD,20170911 15:05:31.297,1.19855,1.19858
EUR/USD,20170911 15:10:31.404,1.19833,1.19836
EUR/USD,20170911 15:15:32.058,1.19841,1.19844
EUR/USD,20170911 15:20:32.718,1.1982899999999999,1.19832
EUR/USD,20170911 15:25:33.891,1.19813,1.19815
EUR/USD,20170911 15:30:34.103,1.1979799999999998,1.198
EUR/USD,20170911 15:35:34.794,1.1976,1.19761
EUR/USD,20170911 15:40:35.993,1.1974799999999999,1.19751
EUR/USD,20170911 15:45:36.201,1.19763,1.19767
EUR/USD,20170911 15:50:36.425,1.19664,1.19668
EUR/USD,20170911 15:55:36.526,1.19639,1.1964299999999999
EUR/USD,20170911 16:00:36.715,1.1964,1.19644
EUR/USD,20170911 16:05:37.163,1.19614,1.19614
EUR/USD,20170911 16:10:37.304,1.19614,1.19618
EUR/USD,20170911 16:15:40.991,1.19584,1.1958799999999998
EUR/USD,20170911 16:20:45.609,1.1958,1.19584
EUR/USD,20170911 16:25:46.888,1.19621,1.19623
EUR/USD,20170911 16:30:49.335,1.1961899999999999,1.19621
EUR/USD,20170911 16:35:49.881,1.1961899999999999,1.19622
EUR/USD,20170911 16:40:53.950,1.1962,1.19622
EUR/USD,20170911 16:45:55.018,1.19633,1.19635
EUR/USD,20170911 16:50:57.108,1.19659,1.19661
EUR/USD,20170911 16:55:58.588,1.1967700000000001,1.19681
EUR/USD,20170911 17:01:00.715,1.19685,1.19687
EUR/USD,20170911 17:06:04.427,1.19646,1.19649
EUR/USD,20170911 17:11:05.325,1.19661,1.19661
EUR/USD,20170911 17:16:07.372,1.1966299999999999,1.19666
EUR/USD,20170911 17:21:07.468,1.19666,1.1967
EUR/USD,20170911 17:26:07.959,1.1961600000000001,1.1961899999999999
EUR/USD,20170911 17:31:08.005,1.19597,1.196
EUR/USD,20170911 17:36:10.251,1.19611,1.19612
EUR/USD,20170911 17:41:10.617,1.1964,1.1964299999999999
EUR/USD,20170911 17:46:11.051,1.19664,1.1966700000000001
EUR/USD,20170911 17:51:11.631,1.19603,1.1960600000000001
EUR/USD,20170911 17:56:11.655,1.19611,1.19614
EUR/USD,20170911 18:01:12.188,1.19651,1.19654
EUR/USD,20170911 18:06:12.509,1.1967,1.19672
EUR/USD,20170911 18:11:16.218,1.1966700000000001,1.19671
EUR/USD,20170911 18:16:16.517,1.19645,1.19646
EUR/USD,20170911 18:21:22.970,1.19662,1.19665
EUR/USD,20170911 18:26:26.123,1.1965,1.19655
EUR/USD,20170911 18:31:26.530,1.19674,1.19678
EUR/USD,20170911 18:36:27.263,1.19694,1.19697
EUR/USD,20170911 18:41:32.165,1.1967299999999998,1.19676
EUR/USD,20170911 18:46:32.713,1.1966299999999999,1.19666
EUR/USD,20170911 18:51:36.355,1.19642,1.19646
EUR/USD,20170911 18:56:36.871,1.1967,1.1967299999999998
EUR/USD,20170911 19:01:38.296,1.19601,1.19605
EUR/USD,20170911 19:06:40.994,1.1959600000000001,1.19601
EUR/USD,20170911 19:11:42.610,1.19575,1.19579
EUR/USD,20170911 19:16:44.543,1.19553,1.19554
EUR/USD,20170911 19:21:47.638,1.19536,1.1954200000000001
EUR/USD,20170911 19:26:53.206,1.19529,1.19534
EUR/USD,20170911 19:31:53.537,1.1951200000000002,1.19515
EUR/USD,20170911 19:36:56.763,1.19518,1.19525
EUR/USD,20170911 19:41:57.922,1.19521,1.19523
EUR/USD,20170911 19:47:02.428,1.19513,1.19518
EUR/USD,20170911 19:52:04.000,1.19519,1.1952200000000002
EUR/USD,20170911 19:58:36.209,1.19526,1.19529
EUR/USD,20170911 20:03:36.501,1.1949299999999998,1.19494
EUR/USD,20170911 20:08:42.999,1.19481,1.1948299999999998
EUR/USD,20170911 20:13:47.211,1.195,1.1950399999999999
EUR/USD,20170911 20:18:52.221,1.1951,1.1951399999999999
EUR/USD,20170911 20:23:52.471,1.1951100000000001,1.19513
EUR/USD,20170911 20:28:55.191,1.19513,1.19518
EUR/USD,20170911 20:33:55.200,1.19529,1.19536
EUR/USD,20170911 20:38:56.744,1.19534,1.1953799999999999
EUR/USD,20170911 20:43:59.988,1.19531,1.19535
EUR/USD,20170911 20:49:00.919,1.19546,1.19551
EUR/USD,20170911 20:54:01.063,1.19528,1.19531
EUR/USD,20170911 20:59:01.246,1.19527,1.19531
EUR/USD,20170911 21:04:04.137,1.19531,1.1955
EUR/USD,20170911 21:09:06.258,1.19533,1.19543
EUR/USD,20170911 21:14:10.373,1.19529,1.1954799999999999
EUR/USD,20170911 21:19:10.421,1.1953200000000002,1.19543
EUR/USD,20170911 21:24:11.347,1.19536,1.19546
EUR/USD,20170911 21:29:13.425,1.19535,1.19559
EUR/USD,20170911 21:34:14.191,1.1953,1.19545
EUR/USD,20170911 21:39:14.833,1.19533,1.19544
EUR/USD,20170911 21:44:15.613,1.19533,1.19544
EUR/USD,20170911 21:49:22.502,1.1953200000000002,1.19545
EUR/USD,20170911 21:54:24.353,1.19535,1.19544
EUR/USD,20170911 21:59:25.342,1.19537,1.1955200000000001
EUR/USD,20170911 22:04:27.229,1.1958,1.1958600000000001
EUR/USD,20170911 22:09:33.081,1.19607,1.19612
EUR/USD,20170911 22:14:37.443,1.1963,1.19636
EUR/USD,20170911 22:19:39.570,1.19595,1.19603
EUR/USD,20170911 22:24:39.962,1.19612,1.1961899999999999
EUR/USD,20170911 22:29:46.474,1.19582,1.19591
EUR/USD,20170911 22:34:46.820,1.19574,1.1958
EUR/USD,20170911 22:39:49.999,1.19587,1.19594
EUR/USD,20170911 22:44:50.317,1.19579,1.1958600000000001
EUR/USD,20170911 22:49:52.845,1.19593,1.19601
EUR/USD,20170911 22:54:55.803,1.19608,1.19614
EUR/USD,20170911 22:59:59.033,1.19624,1.1962899999999999
EUR/USD,20170911 23:05:01.230,1.19633,1.19639
EUR/USD,20170911 23:10:05.202,1.19634,1.19639
